@ARTICLE{althaus10,
       author = {{Althaus}, Leandro G. and {C{\'o}rsico}, Alejandro H. and {Isern}, Jordi and {Garc{\'\i}a-Berro}, Enrique},
        title = "{Evolutionary and pulsational properties of white dwarf stars}",
      journal = {\aapr},
     keywords = {Stars: evolution, Stars: white dwarfs, Stars: interiors, Stars: oscillations, Astrophysics - Solar and Stellar Astrophysics},
         year = 2010,
        month = oct,
       volume = {18},
       number = {4},
        pages = {471-566},
          doi = {10.1007/s00159-010-0033-1},
archivePrefix = {arXiv},
       eprint = {1007.2659},
 primaryClass = {astro-ph.SR},
       adsurl = {https://ui.adsabs.harvard.edu/abs/2010A&ARv..18..471A},
      adsnote = {Provided by the SAO/NASA Astrophysics Data System}
}

@ARTICLE{lauffer18,
       author = {{Lauffer}, G.~R. and {Romero}, A.~D. and {Kepler}, S.~O.},
        title = "{New full evolutionary sequences of H- and He-atmosphere massive white dwarf stars using MESA}",
      journal = {\mnras},
     keywords = {methods: numerical, stars: evolution, stars: white dwarfs, Astrophysics - Solar and Stellar Astrophysics},
         year = 2018,
        month = oct,
       volume = {480},
       number = {2},
        pages = {1547-1562},
          doi = {10.1093/mnras/sty1925},
archivePrefix = {arXiv},
       eprint = {1807.04774},
 primaryClass = {astro-ph.SR},
       adsurl = {https://ui.adsabs.harvard.edu/abs/2018MNRAS.480.1547L},
      adsnote = {Provided by the SAO/NASA Astrophysics Data System}
}

@ARTICLE{althaus21,
       author = {{Althaus}, Leandro G. and {Gil-Pons}, Pilar and {C{\'o}rsico}, Alejandro H. and {Miller Bertolami}, Marcelo and {De Ger{\'o}nimo}, Francisco and {Camisassa}, Mar{\'\i}a E. and {Torres}, Santiago and {Gutierrez}, Jordi and {Rebassa-Mansergas}, Alberto},
        title = "{The formation of ultra-massive carbon-oxygen core white dwarfs and their evolutionary and pulsational properties}",
      journal = {\aap},
     keywords = {stars: evolution, stars: interiors, white dwarfs, stars: oscillations, Astrophysics - Solar and Stellar Astrophysics},
         year = 2021,
        month = feb,
       volume = {646},
          eid = {A30},
        pages = {A30},
          doi = {10.1051/0004-6361/202038930},
archivePrefix = {arXiv},
       eprint = {2011.10439},
 primaryClass = {astro-ph.SR},
       adsurl = {https://ui.adsabs.harvard.edu/abs/2021A&A...646A..30A},
      adsnote = {Provided by the SAO/NASA Astrophysics Data System}
}

@ARTICLE{debes02,
       author = {{Debes}, John H. and {Sigurdsson}, Steinn},
        title = "{Are There Unstable Planetary Systems around White Dwarfs?}",
      journal = {\apj},
     keywords = {Stars: Planetary Systems: Formation, Stars: Evolution, Stars: Mass Loss, Stars: White Dwarfs, Astrophysics},
         year = 2002,
        month = jun,
       volume = {572},
       number = {1},
        pages = {556-565},
          doi = {10.1086/340291},
archivePrefix = {arXiv},
       eprint = {astro-ph/0202273},
 primaryClass = {astro-ph},
       adsurl = {https://ui.adsabs.harvard.edu/abs/2002ApJ...572..556D},
      adsnote = {Provided by the SAO/NASA Astrophysics Data System}
}

@ARTICLE{bonsor11,
       author = {{Bonsor}, A. and {Mustill}, A.~J. and {Wyatt}, M.~C.},
        title = "{Dynamical effects of stellar mass-loss on a Kuiper-like belt}",
      journal = {\mnras},
     keywords = {Kuiper belt: general, planets and satellites: dynamical evolution and stability, circumstellar matter, planetary systems, white dwarfs, Astrophysics - Earth and Planetary Astrophysics},
         year = 2011,
        month = jun,
       volume = {414},
       number = {2},
        pages = {930-939},
          doi = {10.1111/j.1365-2966.2011.18524.x},
archivePrefix = {arXiv},
       eprint = {1102.3185},
 primaryClass = {astro-ph.EP},
       adsurl = {https://ui.adsabs.harvard.edu/abs/2011MNRAS.414..930B},
      adsnote = {Provided by the SAO/NASA Astrophysics Data System}
}

@ARTICLE{mustill18,
       author = {{Mustill}, Alexander J. and {Villaver}, Eva and {Veras}, Dimitri and {G{\"a}nsicke}, Boris T. and {Bonsor}, Amy},
        title = "{Unstable low-mass planetary systems as drivers of white dwarf pollution}",
      journal = {\mnras},
     keywords = {Kuiper Belt: general, planets and satellites: dynamical evolution and stability, stars: AGB and post-AGB, circumstellar matter, planetary systems, white dwarfs, Astrophysics - Earth and Planetary Astrophysics},
         year = 2018,
        month = may,
       volume = {476},
       number = {3},
        pages = {3939-3955},
          doi = {10.1093/mnras/sty446},
archivePrefix = {arXiv},
       eprint = {1711.02940},
 primaryClass = {astro-ph.EP},
       adsurl = {https://ui.adsabs.harvard.edu/abs/2018MNRAS.476.3939M},
      adsnote = {Provided by the SAO/NASA Astrophysics Data System}
}

@ARTICLE{frewen14,
       author = {{Frewen}, S.~F.~N. and {Hansen}, B.~M.~S.},
        title = "{Eccentric planets and stellar evolution as a cause of polluted white dwarfs}",
      journal = {\mnras},
     keywords = {planets and satellites: dynamical evolution and stability, planet-disc interactions, planet-star interactions, white dwarfs, Astrophysics - Earth and Planetary Astrophysics},
         year = 2014,
        month = apr,
       volume = {439},
       number = {3},
        pages = {2442-2458},
          doi = {10.1093/mnras/stu097},
archivePrefix = {arXiv},
       eprint = {1401.5470},
 primaryClass = {astro-ph.EP},
       adsurl = {https://ui.adsabs.harvard.edu/abs/2014MNRAS.439.2442F},
      adsnote = {Provided by the SAO/NASA Astrophysics Data System}
}

@ARTICLE{maldonado20dyn,
       author = {{Maldonado}, R.~F. and {Villaver}, E. and {Mustill}, A.~J. and {Chavez}, M. and {Bertone}, E.},
        title = "{Dynamical evolution of two-planet systems and its connection with white dwarf atmospheric pollution}",
      journal = {\mnras},
     keywords = {Kuiper belt: general, planets and satellites: dynamical evolution and stability, stars: AGB and post-AGB, circumstellar matter, planetary systems, white dwarfs, Astrophysics - Earth and Planetary Astrophysics, Astrophysics - Solar and Stellar Astrophysics},
         year = 2020,
        month = oct,
       volume = {497},
       number = {4},
        pages = {4091-4106},
          doi = {10.1093/mnras/staa2237},
archivePrefix = {arXiv},
       eprint = {2007.13009},
 primaryClass = {astro-ph.EP},
       adsurl = {https://ui.adsabs.harvard.edu/abs/2020MNRAS.497.4091M},
      adsnote = {Provided by the SAO/NASA Astrophysics Data System}
}

@ARTICLE{maldonado20und,
       author = {{Maldonado}, R.~F. and {Villaver}, E. and {Mustill}, A.~J. and {Chavez}, M. and {Bertone}, E.},
        title = "{Understanding the origin of white dwarf atmospheric pollution by dynamical simulations based on detected three-planet systems}",
      journal = {\mnras},
     keywords = {Kuiper belt: general, planets and satellites: dynamical evolution and stability, stars: AGB and post-AGB, circumstellar matter, planetary systems, white dwarfs, Astrophysics - Earth and Planetary Astrophysics, Astrophysics - Solar and Stellar Astrophysics},
         year = 2020,
        month = dec,
       volume = {499},
       number = {2},
        pages = {1854-1869},
          doi = {10.1093/mnras/staa2946},
archivePrefix = {arXiv},
       eprint = {2009.10844},
 primaryClass = {astro-ph.EP},
       adsurl = {https://ui.adsabs.harvard.edu/abs/2020MNRAS.499.1854M},
      adsnote = {Provided by the SAO/NASA Astrophysics Data System}
}

@ARTICLE{jura03,
       author = {{Jura}, M.},
        title = "{A Tidally Disrupted Asteroid around the White Dwarf G29-38}",
      journal = {\apjl},
     keywords = {Stars: Circumstellar Matter, Stars: White Dwarfs, Astrophysics},
         year = 2003,
        month = feb,
       volume = {584},
       number = {2},
        pages = {L91-L94},
          doi = {10.1086/374036},
archivePrefix = {arXiv},
       eprint = {astro-ph/0301411},
 primaryClass = {astro-ph},
       adsurl = {https://ui.adsabs.harvard.edu/abs/2003ApJ...584L..91J},
      adsnote = {Provided by the SAO/NASA Astrophysics Data System}
}

@ARTICLE{veras14,
       author = {{Veras}, Dimitri and {Leinhardt}, Zo{\"e} M. and {Bonsor}, Amy and {G{\"a}nsicke}, Boris T.},
        title = "{Formation of planetary debris discs around white dwarfs - I. Tidal disruption of an extremely eccentric asteroid}",
      journal = {\mnras},
     keywords = {methods: numerical, celestial mechanics, minor planets, asteroids: general, planets and satellites: interiors, protoplanetary discs, white dwarfs, Astrophysics - Earth and Planetary Astrophysics, Astrophysics - Solar and Stellar Astrophysics},
         year = 2014,
        month = dec,
       volume = {445},
       number = {3},
        pages = {2244-2255},
          doi = {10.1093/mnras/stu1871},
archivePrefix = {arXiv},
       eprint = {1409.2493},
 primaryClass = {astro-ph.EP},
       adsurl = {https://ui.adsabs.harvard.edu/abs/2014MNRAS.445.2244V},
      adsnote = {Provided by the SAO/NASA Astrophysics Data System}
}

@ARTICLE{brouwers22,
       author = {{Brouwers}, Marc G. and {Bonsor}, Amy and {Malamud}, Uri},
        title = "{A road-map to white dwarf pollution: tidal disruption, eccentric grind-down, and dust accretion}",
      journal = {\mnras},
     keywords = {planet-disc interactions, planetary systems, white dwarfs, Astrophysics - Earth and Planetary Astrophysics, Astrophysics - Solar and Stellar Astrophysics},
         year = 2022,
        month = jan,
       volume = {509},
       number = {2},
        pages = {2404-2422},
          doi = {10.1093/mnras/stab3009},
archivePrefix = {arXiv},
       eprint = {2110.07601},
 primaryClass = {astro-ph.EP},
       adsurl = {https://ui.adsabs.harvard.edu/abs/2022MNRAS.509.2404B},
      adsnote = {Provided by the SAO/NASA Astrophysics Data System}
}

@ARTICLE{farihi10,
       author = {{Farihi}, J. and {Barstow}, M.~A. and {Redfield}, S. and {Dufour}, P. and {Hambly}, N.~C.},
        title = "{Rocky planetesimals as the origin of metals in DZ stars}",
      journal = {\mnras},
     keywords = {minor planets, asteroids, circumstellar matter, stars: abundances, stars: chemically peculiar, planetary systems, white dwarfs, Astrophysics - Earth and Planetary Astrophysics, Astrophysics - Solar and Stellar Astrophysics},
         year = 2010,
        month = jun,
       volume = {404},
       number = {4},
        pages = {2123-2135},
          doi = {10.1111/j.1365-2966.2010.16426.x},
archivePrefix = {arXiv},
       eprint = {1001.5025},
 primaryClass = {astro-ph.EP},
       adsurl = {https://ui.adsabs.harvard.edu/abs/2010MNRAS.404.2123F},
      adsnote = {Provided by the SAO/NASA Astrophysics Data System}
}

@ARTICLE{veras16,
       author = {{Veras}, Dimitri},
        title = "{Post-main-sequence planetary system evolution}",
      journal = {Royal Society Open Science},
     keywords = {Astrophysics - Earth and Planetary Astrophysics, Astrophysics - Solar and Stellar Astrophysics},
         year = 2016,
        month = feb,
       volume = {3},
          eid = {150571},
        pages = {150571},
          doi = {10.1098/rsos.150571},
archivePrefix = {arXiv},
       eprint = {1601.05419},
 primaryClass = {astro-ph.EP},
       adsurl = {https://ui.adsabs.harvard.edu/abs/2016RSOS....350571V},
      adsnote = {Provided by the SAO/NASA Astrophysics Data System}
}

@ARTICLE{koester10,
       author = {{Koester}, D.},
        title = "{White dwarf spectra and atmosphere models}",
      journal = {\memsai},
     keywords = {Stellar spectra, stellar atmospheres},
         year = 2010,
        month = jan,
       volume = {81},
        pages = {921-931},
       adsurl = {https://ui.adsabs.harvard.edu/abs/2010MmSAI..81..921K},
      adsnote = {Provided by the SAO/NASA Astrophysics Data System}
}

@ARTICLE{blouin18,
       author = {{Blouin}, S. and {Dufour}, P. and {Allard}, N.~F.},
        title = "{A New Generation of Cool White Dwarf Atmosphere Models. I. Theoretical Framework and Applications to DZ Stars}",
      journal = {\apj},
     keywords = {equation of state, opacity, stars: atmospheres, stars: individual: LP 658-2, stars: individual: Ross 640, white dwarfs, Astrophysics - Solar and Stellar Astrophysics},
         year = 2018,
        month = aug,
       volume = {863},
       number = {2},
          eid = {184},
        pages = {184},
          doi = {10.3847/1538-4357/aad4a9},
archivePrefix = {arXiv},
       eprint = {1807.06616},
 primaryClass = {astro-ph.SR},
       adsurl = {https://ui.adsabs.harvard.edu/abs/2018ApJ...863..184B},
      adsnote = {Provided by the SAO/NASA Astrophysics Data System}
}


@ARTICLE{badenasagusti24,
       author = {{Badenas-Agusti}, Mariona and {Via{\~n}a}, Javier and {Vanderburg}, Andrew and {Blouin}, Simon and {Dufour}, Patrick and {Xu}, Siyi and {Sha}, Lizhou},
        title = "{cecilia: a machine learning-based pipeline for measuring metal abundances of helium-rich polluted white dwarfs}",
      journal = {\mnras},
     keywords = {methods: data analysis, methods: observational, techniques: spectroscopic, stars: abundances, stars: atmospheres, stars: white dwarfs, Astrophysics - Instrumentation and Methods for Astrophysics, Astrophysics - Earth and Planetary Astrophysics, Astrophysics - Solar and Stellar Astrophysics, Computer Science - Machine Learning},
         year = 2024,
        month = apr,
       volume = {529},
       number = {2},
        pages = {1688-1714},
          doi = {10.1093/mnras/stae421},
archivePrefix = {arXiv},
       eprint = {2402.05176},
 primaryClass = {astro-ph.IM},
       adsurl = {https://ui.adsabs.harvard.edu/abs/2024MNRAS.529.1688B},
      adsnote = {Provided by the SAO/NASA Astrophysics Data System}
}

@ARTICLE{gaia,
       author = {{Gaia Collaboration} and {Prusti}, T. and {de Bruijne}, J.~H.~J. and {Brown}, A.~G.~A. and {Vallenari}, A. and {Babusiaux}, C. and {Bailer-Jones}, C.~A.~L. and {Bastian}, U. and {Biermann}, M. and {Evans}, D.~W. and {Eyer}, L. and {Jansen}, F. and {Jordi}, C. and {Klioner}, S.~A. and {Lammers}, U. and {Lindegren}, L. and {Luri}, X. and {Mignard}, F. and {Milligan}, D.~J. and {Panem}, C. and {Poinsignon}, V. and {Pourbaix}, D. and {Randich}, S. and {Sarri}, G. and {Sartoretti}, P. and {Siddiqui}, H.~I. and {Soubiran}, C. and {Valette}, V. and {van Leeuwen}, F. and {Walton}, N.~A. and {Aerts}, C. and {Arenou}, F. and {Cropper}, M. and {Drimmel}, R. and {H{\o}g}, E. and {Katz}, D. and {Lattanzi}, M.~G. and {O'Mullane}, W. and {Grebel}, E.~K. and {Holland}, A.~D. and {Huc}, C. and {Passot}, X. and {Bramante}, L. and {Cacciari}, C. and {Casta{\~n}eda}, J. and {Chaoul}, L. and {Cheek}, N. and {De Angeli}, F. and {Fabricius}, C. and {Guerra}, R. and {Hern{\'a}ndez}, J. and {Jean-Antoine-Piccolo}, A. and {Masana}, E. and {Messineo}, R. and {Mowlavi}, N. and {Nienartowicz}, K. and {Ord{\'o}{\~n}ez-Blanco}, D. and {Panuzzo}, P. and {Portell}, J. and {Richards}, P.~J. and {Riello}, M. and {Seabroke}, G.~M. and {Tanga}, P. and {Th{\'e}venin}, F. and {Torra}, J. and {Els}, S.~G. and {Gracia-Abril}, G. and {Comoretto}, G. and {Garcia-Reinaldos}, M. and {Lock}, T. and {Mercier}, E. and {Altmann}, M. and {Andrae}, R. and {Astraatmadja}, T.~L. and {Bellas-Velidis}, I. and {Benson}, K. and {Berthier}, J. and {Blomme}, R. and {Busso}, G. and {Carry}, B. and {Cellino}, A. and {Clementini}, G. and {Cowell}, S. and {Creevey}, O. and {Cuypers}, J. and {Davidson}, M. and {De Ridder}, J. and {de Torres}, A. and {Delchambre}, L. and {Dell'Oro}, A. and {Ducourant}, C. and {Fr{\'e}mat}, Y. and {Garc{\'\i}a-Torres}, M. and {Gosset}, E. and {Halbwachs}, J. -L. and {Hambly}, N.~C. and {Harrison}, D.~L. and {Hauser}, M. and {Hestroffer}, D. and {Hodgkin}, S.~T. and {Huckle}, H.~E. and {Hutton}, A. and {Jasniewicz}, G. and {Jordan}, S. and {Kontizas}, M. and {Korn}, A.~J. and {Lanzafame}, A.~C. and {Manteiga}, M. and {Moitinho}, A. and {Muinonen}, K. and {Osinde}, J. and {Pancino}, E. and {Pauwels}, T. and {Petit}, J. -M. and {Recio-Blanco}, A. and {Robin}, A.~C. and {Sarro}, L.~M. and {Siopis}, C. and {Smith}, M. and {Smith}, K.~W. and {Sozzetti}, A. and {Thuillot}, W. and {van Reeven}, W. and {Viala}, Y. and {Abbas}, U. and {Abreu Aramburu}, A. and {Accart}, S. and {Aguado}, J.~J. and {Allan}, P.~M. and {Allasia}, W. and {Altavilla}, G. and {{\'A}lvarez}, M.~A. and {Alves}, J. and {Anderson}, R.~I. and {Andrei}, A.~H. and {Anglada Varela}, E. and {Antiche}, E. and {Antoja}, T. and {Ant{\'o}n}, S. and {Arcay}, B. and {Atzei}, A. and {Ayache}, L. and {Bach}, N. and {Baker}, S.~G. and {Balaguer-N{\'u}{\~n}ez}, L. and {Barache}, C. and {Barata}, C. and {Barbier}, A. and {Barblan}, F. and {Baroni}, M. and {Barrado y Navascu{\'e}s}, D. and {Barros}, M. and {Barstow}, M.~A. and {Becciani}, U. and {Bellazzini}, M. and {Bellei}, G. and {Bello Garc{\'\i}a}, A. and {Belokurov}, V. and {Bendjoya}, P. and {Berihuete}, A. and {Bianchi}, L. and {Bienaym{\'e}}, O. and {Billebaud}, F. and {Blagorodnova}, N. and {Blanco-Cuaresma}, S. and {Boch}, T. and {Bombrun}, A. and {Borrachero}, R. and {Bouquillon}, S. and {Bourda}, G. and {Bouy}, H. and {Bragaglia}, A. and {Breddels}, M.~A. and {Brouillet}, N. and {Br{\"u}semeister}, T. and {Bucciarelli}, B. and {Budnik}, F. and {Burgess}, P. and {Burgon}, R. and {Burlacu}, A. and {Busonero}, D. and {Buzzi}, R. and {Caffau}, E. and {Cambras}, J. and {Campbell}, H. and {Cancelliere}, R. and {Cantat-Gaudin}, T. and {Carlucci}, T. and {Carrasco}, J.~M. and {Castellani}, M. and {Charlot}, P. and {Charnas}, J. and {Charvet}, P. and {Chassat}, F. and {Chiavassa}, A. and {Clotet}, M. and {Cocozza}, G. and {Collins}, R.~S. and {Collins}, P. and {Costigan}, G. and {Crifo}, F. and {Cross}, N.~J.~G. and {Crosta}, M. and {Crowley}, C. and {Dafonte}, C. and {Damerdji}, Y. and {Dapergolas}, A. and {David}, P. and {David}, M. and {De Cat}, P. and {de Felice}, F. and {de Laverny}, P. and {De Luise}, F. and {De March}, R. and {de Martino}, D. and {de Souza}, R. and {Debosscher}, J. and {del Pozo}, E. and {Delbo}, M. and {Delgado}, A. and {Delgado}, H.~E. and {di Marco}, F. and {Di Matteo}, P. and {Diakite}, S. and {Distefano}, E. and {Dolding}, C. and {Dos Anjos}, S. and {Drazinos}, P. and {Dur{\'a}n}, J. and {Dzigan}, Y. and {Ecale}, E. and {Edvardsson}, B. and {Enke}, H. and {Erdmann}, M. and {Escolar}, D. and {Espina}, M. and {Evans}, N.~W. and {Eynard Bontemps}, G. and {Fabre}, C. and {Fabrizio}, M. and {Faigler}, S. and {Falc{\~a}o}, A.~J. and {Farr{\`a}s Casas}, M. and {Faye}, F. and {Federici}, L. and {Fedorets}, G. and {Fern{\'a}ndez-Hern{\'a}ndez}, J. and {Fernique}, P. and {Fienga}, A. and {Figueras}, F. and {Filippi}, F. and {Findeisen}, K. and {Fonti}, A. and {Fouesneau}, M. and {Fraile}, E. and {Fraser}, M. and {Fuchs}, J. and {Furnell}, R. and {Gai}, M. and {Galleti}, S. and {Galluccio}, L. and {Garabato}, D. and {Garc{\'\i}a-Sedano}, F. and {Gar{\'e}}, P. and {Garofalo}, A. and {Garralda}, N. and {Gavras}, P. and {Gerssen}, J. and {Geyer}, R. and {Gilmore}, G. and {Girona}, S. and {Giuffrida}, G. and {Gomes}, M. and {Gonz{\'a}lez-Marcos}, A. and {Gonz{\'a}lez-N{\'u}{\~n}ez}, J. and {Gonz{\'a}lez-Vidal}, J.~J. and {Granvik}, M. and {Guerrier}, A. and {Guillout}, P. and {Guiraud}, J. and {G{\'u}rpide}, A. and {Guti{\'e}rrez-S{\'a}nchez}, R. and {Guy}, L.~P. and {Haigron}, R. and {Hatzidimitriou}, D. and {Haywood}, M. and {Heiter}, U. and {Helmi}, A. and {Hobbs}, D. and {Hofmann}, W. and {Holl}, B. and {Holland}, G. and {Hunt}, J.~A.~S. and {Hypki}, A. and {Icardi}, V. and {Irwin}, M. and {Jevardat de Fombelle}, G. and {Jofr{\'e}}, P. and {Jonker}, P.~G. and {Jorissen}, A. and {Julbe}, F. and {Karampelas}, A. and {Kochoska}, A. and {Kohley}, R. and {Kolenberg}, K. and {Kontizas}, E. and {Koposov}, S.~E. and {Kordopatis}, G. and {Koubsky}, P. and {Kowalczyk}, A. and {Krone-Martins}, A. and {Kudryashova}, M. and {Kull}, I. and {Bachchan}, R.~K. and {Lacoste-Seris}, F. and {Lanza}, A.~F. and {Lavigne}, J. -B. and {Le Poncin-Lafitte}, C. and {Lebreton}, Y. and {Lebzelter}, T. and {Leccia}, S. and {Leclerc}, N. and {Lecoeur-Taibi}, I. and {Lemaitre}, V. and {Lenhardt}, H. and {Leroux}, F. and {Liao}, S. and {Licata}, E. and {Lindstr{\o}m}, H.~E.~P. and {Lister}, T.~A. and {Livanou}, E. and {Lobel}, A. and {L{\"o}ffler}, W. and {L{\'o}pez}, M. and {Lopez-Lozano}, A. and {Lorenz}, D. and {Loureiro}, T. and {MacDonald}, I. and {Magalh{\~a}es Fernandes}, T. and {Managau}, S. and {Mann}, R.~G. and {Mantelet}, G. and {Marchal}, O. and {Marchant}, J.~M. and {Marconi}, M. and {Marie}, J. and {Marinoni}, S. and {Marrese}, P.~M. and {Marschalk{\'o}}, G. and {Marshall}, D.~J. and {Mart{\'\i}n-Fleitas}, J.~M. and {Martino}, M. and {Mary}, N. and {Matijevi{\v{c}}}, G. and {Mazeh}, T. and {McMillan}, P.~J. and {Messina}, S. and {Mestre}, A. and {Michalik}, D. and {Millar}, N.~R. and {Miranda}, B.~M.~H. and {Molina}, D. and {Molinaro}, R. and {Molinaro}, M. and {Moln{\'a}r}, L. and {Moniez}, M. and {Montegriffo}, P. and {Monteiro}, D. and {Mor}, R. and {Mora}, A. and {Morbidelli}, R. and {Morel}, T. and {Morgenthaler}, S. and {Morley}, T. and {Morris}, D. and {Mulone}, A.~F. and {Muraveva}, T. and {Musella}, I. and {Narbonne}, J. and {Nelemans}, G. and {Nicastro}, L. and {Noval}, L. and {Ord{\'e}novic}, C. and {Ordieres-Mer{\'e}}, J. and {Osborne}, P. and {Pagani}, C. and {Pagano}, I. and {Pailler}, F. and {Palacin}, H. and {Palaversa}, L. and {Parsons}, P. and {Paulsen}, T. and {Pecoraro}, M. and {Pedrosa}, R. and {Pentik{\"a}inen}, H. and {Pereira}, J. and {Pichon}, B. and {Piersimoni}, A.~M. and {Pineau}, F. -X. and {Plachy}, E. and {Plum}, G. and {Poujoulet}, E. and {Pr{\v{s}}a}, A. and {Pulone}, L. and {Ragaini}, S. and {Rago}, S. and {Rambaux}, N. and {Ramos-Lerate}, M. and {Ranalli}, P. and {Rauw}, G. and {Read}, A. and {Regibo}, S. and {Renk}, F. and {Reyl{\'e}}, C. and {Ribeiro}, R.~A. and {Rimoldini}, L. and {Ripepi}, V. and {Riva}, A. and {Rixon}, G. and {Roelens}, M. and {Romero-G{\'o}mez}, M. and {Rowell}, N. and {Royer}, F. and {Rudolph}, A. and {Ruiz-Dern}, L. and {Sadowski}, G. and {Sagrist{\`a} Sell{\'e}s}, T. and {Sahlmann}, J. and {Salgado}, J. and {Salguero}, E. and {Sarasso}, M. and {Savietto}, H. and {Schnorhk}, A. and {Schultheis}, M. and {Sciacca}, E. and {Segol}, M. and {Segovia}, J.~C. and {Segransan}, D. and {Serpell}, E. and {Shih}, I. -C. and {Smareglia}, R. and {Smart}, R.~L. and {Smith}, C. and {Solano}, E. and {Solitro}, F. and {Sordo}, R. and {Soria Nieto}, S. and {Souchay}, J. and {Spagna}, A. and {Spoto}, F. and {Stampa}, U. and {Steele}, I.~A. and {Steidelm{\"u}ller}, H. and {Stephenson}, C.~A. and {Stoev}, H. and {Suess}, F.~F. and {S{\"u}veges}, M. and {Surdej}, J. and {Szabados}, L. and {Szegedi-Elek}, E. and {Tapiador}, D. and {Taris}, F. and {Tauran}, G. and {Taylor}, M.~B. and {Teixeira}, R. and {Terrett}, D. and {Tingley}, B. and {Trager}, S.~C. and {Turon}, C. and {Ulla}, A. and {Utrilla}, E. and {Valentini}, G. and {van Elteren}, A. and {Van Hemelryck}, E. and {van Leeuwen}, M. and {Varadi}, M. and {Vecchiato}, A. and {Veljanoski}, J. and {Via}, T. and {Vicente}, D. and {Vogt}, S. and {Voss}, H. and {Votruba}, V. and {Voutsinas}, S. and {Walmsley}, G. and {Weiler}, M. and {Weingrill}, K. and {Werner}, D. and {Wevers}, T. and {Whitehead}, G. and {Wyrzykowski}, {\L}. and {Yoldas}, A. and {{\v{Z}}erjal}, M. and {Zucker}, S. and {Zurbach}, C. and {Zwitter}, T. and {Alecu}, A. and {Allen}, M. and {Allende Prieto}, C. and {Amorim}, A. and {Anglada-Escud{\'e}}, G. and {Arsenijevic}, V. and {Azaz}, S. and {Balm}, P. and {Beck}, M. and {Bernstein}, H. -H. and {Bigot}, L. and {Bijaoui}, A. and {Blasco}, C. and {Bonfigli}, M. and {Bono}, G. and {Boudreault}, S. and {Bressan}, A. and {Brown}, S. and {Brunet}, P. -M. and {Bunclark}, P. and {Buonanno}, R. and {Butkevich}, A.~G. and {Carret}, C. and {Carrion}, C. and {Chemin}, L. and {Ch{\'e}reau}, F. and {Corcione}, L. and {Darmigny}, E. and {de Boer}, K.~S. and {de Teodoro}, P. and {de Zeeuw}, P.~T. and {Delle Luche}, C. and {Domingues}, C.~D. and {Dubath}, P. and {Fodor}, F. and {Fr{\'e}zouls}, B. and {Fries}, A. and {Fustes}, D. and {Fyfe}, D. and {Gallardo}, E. and {Gallegos}, J. and {Gardiol}, D. and {Gebran}, M. and {Gomboc}, A. and {G{\'o}mez}, A. and {Grux}, E. and {Gueguen}, A. and {Heyrovsky}, A. and {Hoar}, J. and {Iannicola}, G. and {Isasi Parache}, Y. and {Janotto}, A. -M. and {Joliet}, E. and {Jonckheere}, A. and {Keil}, R. and {Kim}, D. -W. and {Klagyivik}, P. and {Klar}, J. and {Knude}, J. and {Kochukhov}, O. and {Kolka}, I. and {Kos}, J. and {Kutka}, A. and {Lainey}, V. and {LeBouquin}, D. and {Liu}, C. and {Loreggia}, D. and {Makarov}, V.~V. and {Marseille}, M.~G. and {Martayan}, C. and {Martinez-Rubi}, O. and {Massart}, B. and {Meynadier}, F. and {Mignot}, S. and {Munari}, U. and {Nguyen}, A. -T. and {Nordlander}, T. and {Ocvirk}, P. and {O'Flaherty}, K.~S. and {Olias Sanz}, A. and {Ortiz}, P. and {Osorio}, J. and {Oszkiewicz}, D. and {Ouzounis}, A. and {Palmer}, M. and {Park}, P. and {Pasquato}, E. and {Peltzer}, C. and {Peralta}, J. and {P{\'e}turaud}, F. and {Pieniluoma}, T. and {Pigozzi}, E. and {Poels}, J. and {Prat}, G. and {Prod'homme}, T. and {Raison}, F. and {Rebordao}, J.~M. and {Risquez}, D. and {Rocca-Volmerange}, B. and {Rosen}, S. and {Ruiz-Fuertes}, M.~I. and {Russo}, F. and {Sembay}, S. and {Serraller Vizcaino}, I. and {Short}, A. and {Siebert}, A. and {Silva}, H. and {Sinachopoulos}, D. and {Slezak}, E. and {Soffel}, M. and {Sosnowska}, D. and {Strai{\v{z}}ys}, V. and {ter Linden}, M. and {Terrell}, D. and {Theil}, S. and {Tiede}, C. and {Troisi}, L. and {Tsalmantza}, P. and {Tur}, D. and {Vaccari}, M. and {Vachier}, F. and {Valles}, P. and {Van Hamme}, W. and {Veltz}, L. and {Virtanen}, J. and {Wallut}, J. -M. and {Wichmann}, R. and {Wilkinson}, M.~I. and {Ziaeepour}, H. and {Zschocke}, S.},
        title = "{The Gaia mission}",
      journal = {\aap},
     keywords = {space vehicles: instruments, Galaxy: structure, astrometry, parallaxes, proper motions, telescopes, Astrophysics - Instrumentation and Methods for Astrophysics},
         year = 2016,
        month = nov,
       volume = {595},
          eid = {A1},
        pages = {A1},
          doi = {10.1051/0004-6361/201629272},
archivePrefix = {arXiv},
       eprint = {1609.04153},
 primaryClass = {astro-ph.IM},
       adsurl = {https://ui.adsabs.harvard.edu/abs/2016A&A...595A...1G},
      adsnote = {Provided by the SAO/NASA Astrophysics Data System}
}

@ARTICLE{gaiadr2,
       author = {{Gaia Collaboration} and {Brown}, A.~G.~A. and {Vallenari}, A. and {Prusti}, T. and {de Bruijne}, J.~H.~J. and {Babusiaux}, C. and {Bailer-Jones}, C.~A.~L. and {Biermann}, M. and {Evans}, D.~W. and {Eyer}, L. and {Jansen}, F. and {Jordi}, C. and {Klioner}, S.~A. and {Lammers}, U. and {Lindegren}, L. and {Luri}, X. and {Mignard}, F. and {Panem}, C. and {Pourbaix}, D. and {Randich}, S. and {Sartoretti}, P. and {Siddiqui}, H.~I. and {Soubiran}, C. and {van Leeuwen}, F. and {Walton}, N.~A. and {Arenou}, F. and {Bastian}, U. and {Cropper}, M. and {Drimmel}, R. and {Katz}, D. and {Lattanzi}, M.~G. and {Bakker}, J. and {Cacciari}, C. and {Casta{\~n}eda}, J. and {Chaoul}, L. and {Cheek}, N. and {De Angeli}, F. and {Fabricius}, C. and {Guerra}, R. and {Holl}, B. and {Masana}, E. and {Messineo}, R. and {Mowlavi}, N. and {Nienartowicz}, K. and {Panuzzo}, P. and {Portell}, J. and {Riello}, M. and {Seabroke}, G.~M. and {Tanga}, P. and {Th{\'e}venin}, F. and {Gracia-Abril}, G. and {Comoretto}, G. and {Garcia-Reinaldos}, M. and {Teyssier}, D. and {Altmann}, M. and {Andrae}, R. and {Audard}, M. and {Bellas-Velidis}, I. and {Benson}, K. and {Berthier}, J. and {Blomme}, R. and {Burgess}, P. and {Busso}, G. and {Carry}, B. and {Cellino}, A. and {Clementini}, G. and {Clotet}, M. and {Creevey}, O. and {Davidson}, M. and {De Ridder}, J. and {Delchambre}, L. and {Dell'Oro}, A. and {Ducourant}, C. and {Fern{\'a}ndez-Hern{\'a}ndez}, J. and {Fouesneau}, M. and {Fr{\'e}mat}, Y. and {Galluccio}, L. and {Garc{\'\i}a-Torres}, M. and {Gonz{\'a}lez-N{\'u}{\~n}ez}, J. and {Gonz{\'a}lez-Vidal}, J.~J. and {Gosset}, E. and {Guy}, L.~P. and {Halbwachs}, J. -L. and {Hambly}, N.~C. and {Harrison}, D.~L. and {Hern{\'a}ndez}, J. and {Hestroffer}, D. and {Hodgkin}, S.~T. and {Hutton}, A. and {Jasniewicz}, G. and {Jean-Antoine-Piccolo}, A. and {Jordan}, S. and {Korn}, A.~J. and {Krone-Martins}, A. and {Lanzafame}, A.~C. and {Lebzelter}, T. and {L{\"o}ffler}, W. and {Manteiga}, M. and {Marrese}, P.~M. and {Mart{\'\i}n-Fleitas}, J.~M. and {Moitinho}, A. and {Mora}, A. and {Muinonen}, K. and {Osinde}, J. and {Pancino}, E. and {Pauwels}, T. and {Petit}, J. -M. and {Recio-Blanco}, A. and {Richards}, P.~J. and {Rimoldini}, L. and {Robin}, A.~C. and {Sarro}, L.~M. and {Siopis}, C. and {Smith}, M. and {Sozzetti}, A. and {S{\"u}veges}, M. and {Torra}, J. and {van Reeven}, W. and {Abbas}, U. and {Abreu Aramburu}, A. and {Accart}, S. and {Aerts}, C. and {Altavilla}, G. and {{\'A}lvarez}, M.~A. and {Alvarez}, R. and {Alves}, J. and {Anderson}, R.~I. and {Andrei}, A.~H. and {Anglada Varela}, E. and {Antiche}, E. and {Antoja}, T. and {Arcay}, B. and {Astraatmadja}, T.~L. and {Bach}, N. and {Baker}, S.~G. and {Balaguer-N{\'u}{\~n}ez}, L. and {Balm}, P. and {Barache}, C. and {Barata}, C. and {Barbato}, D. and {Barblan}, F. and {Barklem}, P.~S. and {Barrado}, D. and {Barros}, M. and {Barstow}, M.~A. and {Bartholom{\'e} Mu{\~n}oz}, S. and {Bassilana}, J. -L. and {Becciani}, U. and {Bellazzini}, M. and {Berihuete}, A. and {Bertone}, S. and {Bianchi}, L. and {Bienaym{\'e}}, O. and {Blanco-Cuaresma}, S. and {Boch}, T. and {Boeche}, C. and {Bombrun}, A. and {Borrachero}, R. and {Bossini}, D. and {Bouquillon}, S. and {Bourda}, G. and {Bragaglia}, A. and {Bramante}, L. and {Breddels}, M.~A. and {Bressan}, A. and {Brouillet}, N. and {Br{\"u}semeister}, T. and {Brugaletta}, E. and {Bucciarelli}, B. and {Burlacu}, A. and {Busonero}, D. and {Butkevich}, A.~G. and {Buzzi}, R. and {Caffau}, E. and {Cancelliere}, R. and {Cannizzaro}, G. and {Cantat-Gaudin}, T. and {Carballo}, R. and {Carlucci}, T. and {Carrasco}, J.~M. and {Casamiquela}, L. and {Castellani}, M. and {Castro-Ginard}, A. and {Charlot}, P. and {Chemin}, L. and {Chiavassa}, A. and {Cocozza}, G. and {Costigan}, G. and {Cowell}, S. and {Crifo}, F. and {Crosta}, M. and {Crowley}, C. and {Cuypers}, J. and {Dafonte}, C. and {Damerdji}, Y. and {Dapergolas}, A. and {David}, P. and {David}, M. and {de Laverny}, P. and {De Luise}, F. and {De March}, R. and {de Martino}, D. and {de Souza}, R. and {de Torres}, A. and {Debosscher}, J. and {del Pozo}, E. and {Delbo}, M. and {Delgado}, A. and {Delgado}, H.~E. and {Di Matteo}, P. and {Diakite}, S. and {Diener}, C. and {Distefano}, E. and {Dolding}, C. and {Drazinos}, P. and {Dur{\'a}n}, J. and {Edvardsson}, B. and {Enke}, H. and {Eriksson}, K. and {Esquej}, P. and {Eynard Bontemps}, G. and {Fabre}, C. and {Fabrizio}, M. and {Faigler}, S. and {Falc{\~a}o}, A.~J. and {Farr{\`a}s Casas}, M. and {Federici}, L. and {Fedorets}, G. and {Fernique}, P. and {Figueras}, F. and {Filippi}, F. and {Findeisen}, K. and {Fonti}, A. and {Fraile}, E. and {Fraser}, M. and {Fr{\'e}zouls}, B. and {Gai}, M. and {Galleti}, S. and {Garabato}, D. and {Garc{\'\i}a-Sedano}, F. and {Garofalo}, A. and {Garralda}, N. and {Gavel}, A. and {Gavras}, P. and {Gerssen}, J. and {Geyer}, R. and {Giacobbe}, P. and {Gilmore}, G. and {Girona}, S. and {Giuffrida}, G. and {Glass}, F. and {Gomes}, M. and {Granvik}, M. and {Gueguen}, A. and {Guerrier}, A. and {Guiraud}, J. and {Guti{\'e}rrez-S{\'a}nchez}, R. and {Haigron}, R. and {Hatzidimitriou}, D. and {Hauser}, M. and {Haywood}, M. and {Heiter}, U. and {Helmi}, A. and {Heu}, J. and {Hilger}, T. and {Hobbs}, D. and {Hofmann}, W. and {Holland}, G. and {Huckle}, H.~E. and {Hypki}, A. and {Icardi}, V. and {Jan{\ss}en}, K. and {Jevardat de Fombelle}, G. and {Jonker}, P.~G. and {Juh{\'a}sz}, {\'A}. L. and {Julbe}, F. and {Karampelas}, A. and {Kewley}, A. and {Klar}, J. and {Kochoska}, A. and {Kohley}, R. and {Kolenberg}, K. and {Kontizas}, M. and {Kontizas}, E. and {Koposov}, S.~E. and {Kordopatis}, G. and {Kostrzewa-Rutkowska}, Z. and {Koubsky}, P. and {Lambert}, S. and {Lanza}, A.~F. and {Lasne}, Y. and {Lavigne}, J. -B. and {Le Fustec}, Y. and {Le Poncin-Lafitte}, C. and {Lebreton}, Y. and {Leccia}, S. and {Leclerc}, N. and {Lecoeur-Taibi}, I. and {Lenhardt}, H. and {Leroux}, F. and {Liao}, S. and {Licata}, E. and {Lindstr{\o}m}, H.~E.~P. and {Lister}, T.~A. and {Livanou}, E. and {Lobel}, A. and {L{\'o}pez}, M. and {Managau}, S. and {Mann}, R.~G. and {Mantelet}, G. and {Marchal}, O. and {Marchant}, J.~M. and {Marconi}, M. and {Marinoni}, S. and {Marschalk{\'o}}, G. and {Marshall}, D.~J. and {Martino}, M. and {Marton}, G. and {Mary}, N. and {Massari}, D. and {Matijevi{\v{c}}}, G. and {Mazeh}, T. and {McMillan}, P.~J. and {Messina}, S. and {Michalik}, D. and {Millar}, N.~R. and {Molina}, D. and {Molinaro}, R. and {Moln{\'a}r}, L. and {Montegriffo}, P. and {Mor}, R. and {Morbidelli}, R. and {Morel}, T. and {Morris}, D. and {Mulone}, A.~F. and {Muraveva}, T. and {Musella}, I. and {Nelemans}, G. and {Nicastro}, L. and {Noval}, L. and {O'Mullane}, W. and {Ord{\'e}novic}, C. and {Ord{\'o}{\~n}ez-Blanco}, D. and {Osborne}, P. and {Pagani}, C. and {Pagano}, I. and {Pailler}, F. and {Palacin}, H. and {Palaversa}, L. and {Panahi}, A. and {Pawlak}, M. and {Piersimoni}, A.~M. and {Pineau}, F. -X. and {Plachy}, E. and {Plum}, G. and {Poggio}, E. and {Poujoulet}, E. and {Pr{\v{s}}a}, A. and {Pulone}, L. and {Racero}, E. and {Ragaini}, S. and {Rambaux}, N. and {Ramos-Lerate}, M. and {Regibo}, S. and {Reyl{\'e}}, C. and {Riclet}, F. and {Ripepi}, V. and {Riva}, A. and {Rivard}, A. and {Rixon}, G. and {Roegiers}, T. and {Roelens}, M. and {Romero-G{\'o}mez}, M. and {Rowell}, N. and {Royer}, F. and {Ruiz-Dern}, L. and {Sadowski}, G. and {Sagrist{\`a} Sell{\'e}s}, T. and {Sahlmann}, J. and {Salgado}, J. and {Salguero}, E. and {Sanna}, N. and {Santana-Ros}, T. and {Sarasso}, M. and {Savietto}, H. and {Schultheis}, M. and {Sciacca}, E. and {Segol}, M. and {Segovia}, J.~C. and {S{\'e}gransan}, D. and {Shih}, I. -C. and {Siltala}, L. and {Silva}, A.~F. and {Smart}, R.~L. and {Smith}, K.~W. and {Solano}, E. and {Solitro}, F. and {Sordo}, R. and {Soria Nieto}, S. and {Souchay}, J. and {Spagna}, A. and {Spoto}, F. and {Stampa}, U. and {Steele}, I.~A. and {Steidelm{\"u}ller}, H. and {Stephenson}, C.~A. and {Stoev}, H. and {Suess}, F.~F. and {Surdej}, J. and {Szabados}, L. and {Szegedi-Elek}, E. and {Tapiador}, D. and {Taris}, F. and {Tauran}, G. and {Taylor}, M.~B. and {Teixeira}, R. and {Terrett}, D. and {Teyssandier}, P. and {Thuillot}, W. and {Titarenko}, A. and {Torra Clotet}, F. and {Turon}, C. and {Ulla}, A. and {Utrilla}, E. and {Uzzi}, S. and {Vaillant}, M. and {Valentini}, G. and {Valette}, V. and {van Elteren}, A. and {Van Hemelryck}, E. and {van Leeuwen}, M. and {Vaschetto}, M. and {Vecchiato}, A. and {Veljanoski}, J. and {Viala}, Y. and {Vicente}, D. and {Vogt}, S. and {von Essen}, C. and {Voss}, H. and {Votruba}, V. and {Voutsinas}, S. and {Walmsley}, G. and {Weiler}, M. and {Wertz}, O. and {Wevers}, T. and {Wyrzykowski}, {\L}. and {Yoldas}, A. and {{\v{Z}}erjal}, M. and {Ziaeepour}, H. and {Zorec}, J. and {Zschocke}, S. and {Zucker}, S. and {Zurbach}, C. and {Zwitter}, T.},
        title = "{Gaia Data Release 2. Summary of the contents and survey properties}",
      journal = {\aap},
     keywords = {catalogs, astrometry, techniques: radial velocities, stars: fundamental parameters, stars: variables: general, minor planets, asteroids: general, Astrophysics - Astrophysics of Galaxies, Astrophysics - Instrumentation and Methods for Astrophysics},
         year = 2018,
        month = aug,
       volume = {616},
          eid = {A1},
        pages = {A1},
          doi = {10.1051/0004-6361/201833051},
archivePrefix = {arXiv},
       eprint = {1804.09365},
 primaryClass = {astro-ph.GA},
       adsurl = {https://ui.adsabs.harvard.edu/abs/2018A&A...616A...1G},
      adsnote = {Provided by the SAO/NASA Astrophysics Data System}
}

@ARTICLE{gentilefusillo19,
       author = {{Gentile Fusillo}, Nicola Pietro and {Tremblay}, Pier-Emmanuel and {G{\"a}nsicke}, Boris T. and {Manser}, Christopher J. and {Cunningham}, Tim and {Cukanovaite}, Elena and {Hollands}, Mark and {Marsh}, Thomas and {Raddi}, Roberto and {Jordan}, Stefan and {Toonen}, Silvia and {Geier}, Stephan and {Barstow}, Martin and {Cummings}, Jeffrey D.},
        title = "{A Gaia Data Release 2 catalogue of white dwarfs and a comparison with SDSS}",
      journal = {\mnras},
     keywords = {catalogues, surveys, white dwarfs, Astrophysics - Solar and Stellar Astrophysics},
         year = 2019,
        month = feb,
       volume = {482},
       number = {4},
        pages = {4570-4591},
          doi = {10.1093/mnras/sty3016},
archivePrefix = {arXiv},
       eprint = {1807.03315},
 primaryClass = {astro-ph.SR},
       adsurl = {https://ui.adsabs.harvard.edu/abs/2019MNRAS.482.4570G},
      adsnote = {Provided by the SAO/NASA Astrophysics Data System}
}

@ARTICLE{gentilefusillo21,
       author = {{Gentile Fusillo}, N.~P. and {Tremblay}, P. -E. and {Cukanovaite}, E. and {Vorontseva}, A. and {Lallement}, R. and {Hollands}, M. and {G{\"a}nsicke}, B.~T. and {Burdge}, K.~B. and {McCleery}, J. and {Jordan}, S.},
        title = "{A catalogue of white dwarfs in Gaia EDR3}",
      journal = {\mnras},
     keywords = {catalogues, surveys, white dwarfs, Astrophysics - Solar and Stellar Astrophysics},
         year = 2021,
        month = dec,
       volume = {508},
       number = {3},
        pages = {3877-3896},
          doi = {10.1093/mnras/stab2672},
archivePrefix = {arXiv},
       eprint = {2106.07669},
 primaryClass = {astro-ph.SR},
       adsurl = {https://ui.adsabs.harvard.edu/abs/2021MNRAS.508.3877G},
      adsnote = {Provided by the SAO/NASA Astrophysics Data System}
}

@ARTICLE{gaiadr3,
       author = {{Gaia Collaboration} and {Vallenari}, A. and {Brown}, A.~G.~A. and {Prusti}, T. and {de Bruijne}, J.~H.~J. and {Arenou}, F. and {Babusiaux}, C. and {Biermann}, M. and {Creevey}, O.~L. and {Ducourant}, C. and {Evans}, D.~W. and {Eyer}, L. and {Guerra}, R. and {Hutton}, A. and {Jordi}, C. and {Klioner}, S.~A. and {Lammers}, U.~L. and {Lindegren}, L. and {Luri}, X. and {Mignard}, F. and {Panem}, C. and {Pourbaix}, D. and {Randich}, S. and {Sartoretti}, P. and {Soubiran}, C. and {Tanga}, P. and {Walton}, N.~A. and {Bailer-Jones}, C.~A.~L. and {Bastian}, U. and {Drimmel}, R. and {Jansen}, F. and {Katz}, D. and {Lattanzi}, M.~G. and {van Leeuwen}, F. and {Bakker}, J. and {Cacciari}, C. and {Casta{\~n}eda}, J. and {De Angeli}, F. and {Fabricius}, C. and {Fouesneau}, M. and {Fr{\'e}mat}, Y. and {Galluccio}, L. and {Guerrier}, A. and {Heiter}, U. and {Masana}, E. and {Messineo}, R. and {Mowlavi}, N. and {Nicolas}, C. and {Nienartowicz}, K. and {Pailler}, F. and {Panuzzo}, P. and {Riclet}, F. and {Roux}, W. and {Seabroke}, G.~M. and {Sordo}, R. and {Th{\'e}venin}, F. and {Gracia-Abril}, G. and {Portell}, J. and {Teyssier}, D. and {Altmann}, M. and {Andrae}, R. and {Audard}, M. and {Bellas-Velidis}, I. and {Benson}, K. and {Berthier}, J. and {Blomme}, R. and {Burgess}, P.~W. and {Busonero}, D. and {Busso}, G. and {C{\'a}novas}, H. and {Carry}, B. and {Cellino}, A. and {Cheek}, N. and {Clementini}, G. and {Damerdji}, Y. and {Davidson}, M. and {de Teodoro}, P. and {Nu{\~n}ez Campos}, M. and {Delchambre}, L. and {Dell'Oro}, A. and {Esquej}, P. and {Fern{\'a}ndez-Hern{\'a}ndez}, J. and {Fraile}, E. and {Garabato}, D. and {Garc{\'\i}a-Lario}, P. and {Gosset}, E. and {Haigron}, R. and {Halbwachs}, J. -L. and {Hambly}, N.~C. and {Harrison}, D.~L. and {Hern{\'a}ndez}, J. and {Hestroffer}, D. and {Hodgkin}, S.~T. and {Holl}, B. and {Jan{\ss}en}, K. and {Jevardat de Fombelle}, G. and {Jordan}, S. and {Krone-Martins}, A. and {Lanzafame}, A.~C. and {L{\"o}ffler}, W. and {Marchal}, O. and {Marrese}, P.~M. and {Moitinho}, A. and {Muinonen}, K. and {Osborne}, P. and {Pancino}, E. and {Pauwels}, T. and {Recio-Blanco}, A. and {Reyl{\'e}}, C. and {Riello}, M. and {Rimoldini}, L. and {Roegiers}, T. and {Rybizki}, J. and {Sarro}, L.~M. and {Siopis}, C. and {Smith}, M. and {Sozzetti}, A. and {Utrilla}, E. and {van Leeuwen}, M. and {Abbas}, U. and {{\'A}brah{\'a}m}, P. and {Abreu Aramburu}, A. and {Aerts}, C. and {Aguado}, J.~J. and {Ajaj}, M. and {Aldea-Montero}, F. and {Altavilla}, G. and {{\'A}lvarez}, M.~A. and {Alves}, J. and {Anders}, F. and {Anderson}, R.~I. and {Anglada Varela}, E. and {Antoja}, T. and {Baines}, D. and {Baker}, S.~G. and {Balaguer-N{\'u}{\~n}ez}, L. and {Balbinot}, E. and {Balog}, Z. and {Barache}, C. and {Barbato}, D. and {Barros}, M. and {Barstow}, M.~A. and {Bartolom{\'e}}, S. and {Bassilana}, J. -L. and {Bauchet}, N. and {Becciani}, U. and {Bellazzini}, M. and {Berihuete}, A. and {Bernet}, M. and {Bertone}, S. and {Bianchi}, L. and {Binnenfeld}, A. and {Blanco-Cuaresma}, S. and {Blazere}, A. and {Boch}, T. and {Bombrun}, A. and {Bossini}, D. and {Bouquillon}, S. and {Bragaglia}, A. and {Bramante}, L. and {Breedt}, E. and {Bressan}, A. and {Brouillet}, N. and {Brugaletta}, E. and {Bucciarelli}, B. and {Burlacu}, A. and {Butkevich}, A.~G. and {Buzzi}, R. and {Caffau}, E. and {Cancelliere}, R. and {Cantat-Gaudin}, T. and {Carballo}, R. and {Carlucci}, T. and {Carnerero}, M.~I. and {Carrasco}, J.~M. and {Casamiquela}, L. and {Castellani}, M. and {Castro-Ginard}, A. and {Chaoul}, L. and {Charlot}, P. and {Chemin}, L. and {Chiaramida}, V. and {Chiavassa}, A. and {Chornay}, N. and {Comoretto}, G. and {Contursi}, G. and {Cooper}, W.~J. and {Cornez}, T. and {Cowell}, S. and {Crifo}, F. and {Cropper}, M. and {Crosta}, M. and {Crowley}, C. and {Dafonte}, C. and {Dapergolas}, A. and {David}, M. and {David}, P. and {de Laverny}, P. and {De Luise}, F. and {De March}, R. and {De Ridder}, J. and {de Souza}, R. and {de Torres}, A. and {del Peloso}, E.~F. and {del Pozo}, E. and {Delbo}, M. and {Delgado}, A. and {Delisle}, J. -B. and {Demouchy}, C. and {Dharmawardena}, T.~E. and {Di Matteo}, P. and {Diakite}, S. and {Diener}, C. and {Distefano}, E. and {Dolding}, C. and {Edvardsson}, B. and {Enke}, H. and {Fabre}, C. and {Fabrizio}, M. and {Faigler}, S. and {Fedorets}, G. and {Fernique}, P. and {Fienga}, A. and {Figueras}, F. and {Fournier}, Y. and {Fouron}, C. and {Fragkoudi}, F. and {Gai}, M. and {Garcia-Gutierrez}, A. and {Garcia-Reinaldos}, M. and {Garc{\'\i}a-Torres}, M. and {Garofalo}, A. and {Gavel}, A. and {Gavras}, P. and {Gerlach}, E. and {Geyer}, R. and {Giacobbe}, P. and {Gilmore}, G. and {Girona}, S. and {Giuffrida}, G. and {Gomel}, R. and {Gomez}, A. and {Gonz{\'a}lez-N{\'u}{\~n}ez}, J. and {Gonz{\'a}lez-Santamar{\'\i}a}, I. and {Gonz{\'a}lez-Vidal}, J.~J. and {Granvik}, M. and {Guillout}, P. and {Guiraud}, J. and {Guti{\'e}rrez-S{\'a}nchez}, R. and {Guy}, L.~P. and {Hatzidimitriou}, D. and {Hauser}, M. and {Haywood}, M. and {Helmer}, A. and {Helmi}, A. and {Sarmiento}, M.~H. and {Hidalgo}, S.~L. and {Hilger}, T. and {H{\l}adczuk}, N. and {Hobbs}, D. and {Holland}, G. and {Huckle}, H.~E. and {Jardine}, K. and {Jasniewicz}, G. and {Jean-Antoine Piccolo}, A. and {Jim{\'e}nez-Arranz}, {\'O}. and {Jorissen}, A. and {Juaristi Campillo}, J. and {Julbe}, F. and {Karbevska}, L. and {Kervella}, P. and {Khanna}, S. and {Kontizas}, M. and {Kordopatis}, G. and {Korn}, A.~J. and {K{\'o}sp{\'a}l}, {\'A}. and {Kostrzewa-Rutkowska}, Z. and {Kruszy{\'n}ska}, K. and {Kun}, M. and {Laizeau}, P. and {Lambert}, S. and {Lanza}, A.~F. and {Lasne}, Y. and {Le Campion}, J. -F. and {Lebreton}, Y. and {Lebzelter}, T. and {Leccia}, S. and {Leclerc}, N. and {Lecoeur-Taibi}, I. and {Liao}, S. and {Licata}, E.~L. and {Lindstr{\o}m}, H.~E.~P. and {Lister}, T.~A. and {Livanou}, E. and {Lobel}, A. and {Lorca}, A. and {Loup}, C. and {Madrero Pardo}, P. and {Magdaleno Romeo}, A. and {Managau}, S. and {Mann}, R.~G. and {Manteiga}, M. and {Marchant}, J.~M. and {Marconi}, M. and {Marcos}, J. and {Marcos Santos}, M.~M.~S. and {Mar{\'\i}n Pina}, D. and {Marinoni}, S. and {Marocco}, F. and {Marshall}, D.~J. and {Martin Polo}, L. and {Mart{\'\i}n-Fleitas}, J.~M. and {Marton}, G. and {Mary}, N. and {Masip}, A. and {Massari}, D. and {Mastrobuono-Battisti}, A. and {Mazeh}, T. and {McMillan}, P.~J. and {Messina}, S. and {Michalik}, D. and {Millar}, N.~R. and {Mints}, A. and {Molina}, D. and {Molinaro}, R. and {Moln{\'a}r}, L. and {Monari}, G. and {Mongui{\'o}}, M. and {Montegriffo}, P. and {Montero}, A. and {Mor}, R. and {Mora}, A. and {Morbidelli}, R. and {Morel}, T. and {Morris}, D. and {Muraveva}, T. and {Murphy}, C.~P. and {Musella}, I. and {Nagy}, Z. and {Noval}, L. and {Oca{\~n}a}, F. and {Ogden}, A. and {Ordenovic}, C. and {Osinde}, J.~O. and {Pagani}, C. and {Pagano}, I. and {Palaversa}, L. and {Palicio}, P.~A. and {Pallas-Quintela}, L. and {Panahi}, A. and {Payne-Wardenaar}, S. and {Pe{\~n}alosa Esteller}, X. and {Penttil{\"a}}, A. and {Pichon}, B. and {Piersimoni}, A.~M. and {Pineau}, F. -X. and {Plachy}, E. and {Plum}, G. and {Poggio}, E. and {Pr{\v{s}}a}, A. and {Pulone}, L. and {Racero}, E. and {Ragaini}, S. and {Rainer}, M. and {Raiteri}, C.~M. and {Rambaux}, N. and {Ramos}, P. and {Ramos-Lerate}, M. and {Re Fiorentin}, P. and {Regibo}, S. and {Richards}, P.~J. and {Rios Diaz}, C. and {Ripepi}, V. and {Riva}, A. and {Rix}, H. -W. and {Rixon}, G. and {Robichon}, N. and {Robin}, A.~C. and {Robin}, C. and {Roelens}, M. and {Rogues}, H.~R.~O. and {Rohrbasser}, L. and {Romero-G{\'o}mez}, M. and {Rowell}, N. and {Royer}, F. and {Ruz Mieres}, D. and {Rybicki}, K.~A. and {Sadowski}, G. and {S{\'a}ez N{\'u}{\~n}ez}, A. and {Sagrist{\`a} Sell{\'e}s}, A. and {Sahlmann}, J. and {Salguero}, E. and {Samaras}, N. and {Sanchez Gimenez}, V. and {Sanna}, N. and {Santove{\~n}a}, R. and {Sarasso}, M. and {Schultheis}, M. and {Sciacca}, E. and {Segol}, M. and {Segovia}, J.~C. and {S{\'e}gransan}, D. and {Semeux}, D. and {Shahaf}, S. and {Siddiqui}, H.~I. and {Siebert}, A. and {Siltala}, L. and {Silvelo}, A. and {Slezak}, E. and {Slezak}, I. and {Smart}, R.~L. and {Snaith}, O.~N. and {Solano}, E. and {Solitro}, F. and {Souami}, D. and {Souchay}, J. and {Spagna}, A. and {Spina}, L. and {Spoto}, F. and {Steele}, I.~A. and {Steidelm{\"u}ller}, H. and {Stephenson}, C.~A. and {S{\"u}veges}, M. and {Surdej}, J. and {Szabados}, L. and {Szegedi-Elek}, E. and {Taris}, F. and {Taylor}, M.~B. and {Teixeira}, R. and {Tolomei}, L. and {Tonello}, N. and {Torra}, F. and {Torra}, J. and {Torralba Elipe}, G. and {Trabucchi}, M. and {Tsounis}, A.~T. and {Turon}, C. and {Ulla}, A. and {Unger}, N. and {Vaillant}, M.~V. and {van Dillen}, E. and {van Reeven}, W. and {Vanel}, O. and {Vecchiato}, A. and {Viala}, Y. and {Vicente}, D. and {Voutsinas}, S. and {Weiler}, M. and {Wevers}, T. and {Wyrzykowski}, {\L}. and {Yoldas}, A. and {Yvard}, P. and {Zhao}, H. and {Zorec}, J. and {Zucker}, S. and {Zwitter}, T.},
        title = "{Gaia Data Release 3. Summary of the content and survey properties}",
      journal = {\aap},
     keywords = {techniques: photometric, techniques: spectroscopic, techniques: radial velocities, catalogs, astrometry, parallaxes, Astrophysics - Astrophysics of Galaxies},
         year = 2023,
        month = jun,
       volume = {674},
          eid = {A1},
        pages = {A1},
          doi = {10.1051/0004-6361/202243940},
archivePrefix = {arXiv},
       eprint = {2208.00211},
 primaryClass = {astro-ph.GA},
       adsurl = {https://ui.adsabs.harvard.edu/abs/2023A&A...674A...1G},
      adsnote = {Provided by the SAO/NASA Astrophysics Data System}
}

@ARTICLE{carrasco21,
       author = {{Carrasco}, J.~M. and {Weiler}, M. and {Jordi}, C. and {Fabricius}, C. and {De Angeli}, F. and {Evans}, D.~W. and {van Leeuwen}, F. and {Riello}, M. and {Montegriffo}, P.},
        title = "{Internal calibration of Gaia BP/RP low-resolution spectra}",
      journal = {\aap},
     keywords = {instrumentation: spectrographs, space vehicles: instruments, techniques: spectroscopic, galaxies: general, stars: general, Astrophysics - Instrumentation and Methods for Astrophysics},
         year = 2021,
        month = aug,
       volume = {652},
          eid = {A86},
        pages = {A86},
          doi = {10.1051/0004-6361/202141249},
archivePrefix = {arXiv},
       eprint = {2106.01752},
 primaryClass = {astro-ph.IM},
       adsurl = {https://ui.adsabs.harvard.edu/abs/2021A&A...652A..86C},
      adsnote = {Provided by the SAO/NASA Astrophysics Data System}
}

@article{mcinnes18,
  title={UMAP: Uniform manifold approximation and projection for dimension reduction},
  author={McInnes, Leland and Healy, John and Melville, James},
  journal={arXiv preprint arXiv:1802.03426},
  year={2018}
}

@article{kohonen82,
  title={Self-organized formation of topologically correct feature maps},
  author={Kohonen, Teuvo},
  journal={Biological cybernetics},
  volume={43},
  number={1},
  pages={59--69},
  year={1982},
  publisher={Springer}
}

@article{breiman01,
  title={Random forests},
  author={Breiman, Leo},
  journal={Machine learning},
  volume={45},
  pages={5--32},
  year={2001},
  publisher={Springer}
}

@article{friedman01,
  title={Greedy function approximation: a gradient boosting machine},
  author={Friedman, Jerome H},
  journal={Annals of statistics},
  pages={1189--1232},
  year={2001},
  publisher={JSTOR}
}

@ARTICLE{kao24,
       author = {{Kao}, Malia L. and {Hawkins}, Keith and {Rogers}, Laura K. and {Bonsor}, Amy and {Dunlap}, Bart H. and {Sanders}, Jason L. and {Montgomery}, M.~H. and {Winget}, D.~E.},
        title = "{Hunting for Polluted White Dwarfs and Other Treasures with Gaia XP Spectra and Unsupervised Machine Learning}",
      journal = {\apj},
     keywords = {Gaia, White dwarf stars, DZ stars, 2360, 1799, 1848, Astrophysics - Solar and Stellar Astrophysics, Astrophysics - Earth and Planetary Astrophysics, Computer Science - Machine Learning},
         year = 2024,
        month = aug,
       volume = {970},
       number = {2},
          eid = {181},
        pages = {181},
          doi = {10.3847/1538-4357/ad5d6e},
archivePrefix = {arXiv},
       eprint = {2405.17667},
 primaryClass = {astro-ph.SR},
       adsurl = {https://ui.adsabs.harvard.edu/abs/2024ApJ...970..181K},
      adsnote = {Provided by the SAO/NASA Astrophysics Data System}
}

@ARTICLE{vincent24,
       author = {{Vincent}, O. and {Barstow}, M.~A. and {Jordan}, S. and {Mander}, C. and {Bergeron}, P. and {Dufour}, P.},
        title = "{Classification and parameterization of a large Gaia sample of white dwarfs using XP spectra}",
      journal = {\aap},
     keywords = {techniques: spectroscopic, stars: fundamental parameters, white dwarfs, Astrophysics - Solar and Stellar Astrophysics},
         year = 2024,
        month = feb,
       volume = {682},
          eid = {A5},
        pages = {A5},
          doi = {10.1051/0004-6361/202347694},
archivePrefix = {arXiv},
       eprint = {2308.05572},
 primaryClass = {astro-ph.SR},
       adsurl = {https://ui.adsabs.harvard.edu/abs/2024A&A...682A...5V},
      adsnote = {Provided by the SAO/NASA Astrophysics Data System}
}

@ARTICLE{garciazamora23,
       author = {{Garc{\'\i}a-Zamora}, Enrique Miguel and {Torres}, Santiago and {Rebassa-Mansergas}, Alberto},
        title = "{White dwarf Random Forest classification through Gaia spectral coefficients}",
      journal = {\aap},
     keywords = {white dwarfs, stars: atmospheres, Hertzsprung-Russell and C-M diagrams, catalogs, Astrophysics - Solar and Stellar Astrophysics, Astrophysics - Astrophysics of Galaxies, Astrophysics - Instrumentation and Methods for Astrophysics},
         year = 2023,
        month = nov,
       volume = {679},
          eid = {A127},
        pages = {A127},
          doi = {10.1051/0004-6361/202347601},
archivePrefix = {arXiv},
       eprint = {2308.07090},
 primaryClass = {astro-ph.SR},
       adsurl = {https://ui.adsabs.harvard.edu/abs/2023A&A...679A.127G},
      adsnote = {Provided by the SAO/NASA Astrophysics Data System}
}

@ARTICLE{perezcouto24,
       author = {{P{\'e}rez-Couto}, Xabier and {Pallas-Quintela}, Lara and {Manteiga}, Minia and {Villaver}, Eva and {Dafonte}, Carlos},
        title = "{Identifying new high-confidence polluted white dwarf candidates using Gaia XP spectra and Self-Organizing Maps}",
      journal = {arXiv e-prints},
     keywords = {Astrophysics - Solar and Stellar Astrophysics, Astrophysics - Earth and Planetary Astrophysics, Astrophysics - Astrophysics of Galaxies, Astrophysics - Instrumentation and Methods for Astrophysics},
         year = 2024,
        month = oct,
          eid = {arXiv:2410.16015},
        pages = {arXiv:2410.16015},
          doi = {10.48550/arXiv.2410.16015},
archivePrefix = {arXiv},
       eprint = {2410.16015},
 primaryClass = {astro-ph.SR},
       adsurl = {https://ui.adsabs.harvard.edu/abs/2024arXiv241016015P},
      adsnote = {Provided by the SAO/NASA Astrophysics Data System}
}

@ARTICLE{webb20,
       author = {{Webb}, Sara and {Lochner}, Michelle and {Muthukrishna}, Daniel and {Cooke}, Jeff and {Flynn}, Chris and {Mahabal}, Ashish and {Goode}, Simon and {Andreoni}, Igor and {Pritchard}, Tyler and {Abbott}, Timothy M.~C.},
        title = "{Unsupervised machine learning for transient discovery in deeper, wider, faster light curves}",
      journal = {\mnras},
     keywords = {methods: data analysis, methods: observational, techniques: photometric, Astrophysics - Instrumentation and Methods for Astrophysics},
         year = 2020,
        month = nov,
       volume = {498},
       number = {3},
        pages = {3077-3094},
          doi = {10.1093/mnras/staa2395},
archivePrefix = {arXiv},
       eprint = {2008.04666},
 primaryClass = {astro-ph.IM},
       adsurl = {https://ui.adsabs.harvard.edu/abs/2020MNRAS.498.3077W},
      adsnote = {Provided by the SAO/NASA Astrophysics Data System}
}

@ARTICLE{giles19,
       author = {{Giles}, Daniel and {Walkowicz}, Lucianne},
        title = "{Systematic serendipity: a test of unsupervised machine learning as a method for anomaly detection}",
      journal = {\mnras},
     keywords = {methods: data analysis, surveys, stars: individual: KIC 846285, stars: individual: KIC 8462852, Astrophysics - Instrumentation and Methods for Astrophysics, Astrophysics - Solar and Stellar Astrophysics},
         year = 2019,
        month = mar,
       volume = {484},
       number = {1},
        pages = {834-849},
          doi = {10.1093/mnras/sty3461},
archivePrefix = {arXiv},
       eprint = {1812.07156},
 primaryClass = {astro-ph.IM},
       adsurl = {https://ui.adsabs.harvard.edu/abs/2019MNRAS.484..834G},
      adsnote = {Provided by the SAO/NASA Astrophysics Data System}
}

@ARTICLE{steinhardt20,
       author = {{Steinhardt}, Charles L. and {Weaver}, John R. and {Maxfield}, Jack and {Davidzon}, Iary and {Faisst}, Andreas L. and {Masters}, Dan and {Schemel}, Madeline and {Toft}, Sune},
        title = "{A Method to Distinguish Quiescent and Dusty Star-forming Galaxies with Machine Learning}",
      journal = {\apj},
     keywords = {Astronomy data analysis, Computational astronomy, Galaxy quenching, Quenched galaxies, Galaxy classification systems, Star formation, 1858, 293, 2040, 2016, 582, 1569, Astrophysics - Astrophysics of Galaxies, Astrophysics - Instrumentation and Methods for Astrophysics},
         year = 2020,
        month = mar,
       volume = {891},
       number = {2},
          eid = {136},
        pages = {136},
          doi = {10.3847/1538-4357/ab76be},
archivePrefix = {arXiv},
       eprint = {2002.05729},
 primaryClass = {astro-ph.GA},
       adsurl = {https://ui.adsabs.harvard.edu/abs/2020ApJ...891..136S},
      adsnote = {Provided by the SAO/NASA Astrophysics Data System}
}

@ARTICLE{mccracken12,
       author = {{McCracken}, H.~J. and {Milvang-Jensen}, B. and {Dunlop}, J. and {Franx}, M. and {Fynbo}, J.~P.~U. and {Le F{\`e}vre}, O. and {Holt}, J. and {Caputi}, K.~I. and {Goranova}, Y. and {Buitrago}, F. and {Emerson}, J.~P. and {Freudling}, W. and {Hudelot}, P. and {L{\'o}pez-Sanjuan}, C. and {Magnard}, F. and {Mellier}, Y. and {M{\o}ller}, P. and {Nilsson}, K.~K. and {Sutherland}, W. and {Tasca}, L. and {Zabl}, J.},
        title = "{UltraVISTA: a new ultra-deep near-infrared survey in COSMOS}",
      journal = {\aap},
     keywords = {surveys, galaxies: general, galaxies: high-redshift, cosmology: observations, large-scale structure of Universe, Astrophysics - Cosmology and Extragalactic Astrophysics},
         year = 2012,
        month = aug,
       volume = {544},
          eid = {A156},
        pages = {A156},
          doi = {10.1051/0004-6361/201219507},
archivePrefix = {arXiv},
       eprint = {1204.6586},
 primaryClass = {astro-ph.CO},
       adsurl = {https://ui.adsabs.harvard.edu/abs/2012A&A...544A.156M},
      adsnote = {Provided by the SAO/NASA Astrophysics Data System}
}


@article{vandermaaten08,
  title={Visualizing data using t-SNE.},
  author={Van der Maaten, Laurens and Hinton, Geoffrey},
  journal={Journal of machine learning research},
  volume={9},
  number={11},
  year={2008}
}


@ARTICLE{fotopoulou24,
       author = {{Fotopoulou}, S.},
        title = "{A review of unsupervised learning in astronomy}",
      journal = {Astronomy and Computing},
     keywords = {Unsupervised learning, Machine learning, Data intensive astronomy, Extragalactic astronomy, Astrophysics - Instrumentation and Methods for Astrophysics, Computer Science - Machine Learning},
         year = 2024,
        month = jul,
       volume = {48},
          eid = {100851},
        pages = {100851},
          doi = {10.1016/j.ascom.2024.100851},
archivePrefix = {arXiv},
       eprint = {2406.17316},
 primaryClass = {astro-ph.IM},
       adsurl = {https://ui.adsabs.harvard.edu/abs/2024A&C....4800851F},
      adsnote = {Provided by the SAO/NASA Astrophysics Data System}
}

@ARTICLE{hawkins21,
       author = {{Hawkins}, Keith and {Zeimann}, Greg and {Sneden}, Chris and {Cooper}, Erin Mentuch and {Gebhardt}, Karl and {Bond}, Howard E. and {Carrillo}, Andreia and {Casey}, Caitlin M. and {Castanheira}, Barbara G. and {Ciardullo}, Robin and {Davis}, Dustin and {Farrow}, Daniel J. and {Finkelstein}, Steven L. and {Hill}, Gary J. and {Kelz}, Andreas and {Liu}, Chenxu and {Shetrone}, Matthew and {Schneider}, Donald P. and {Starkenburg}, Else and {Steinmetz}, Matthias and {Wheeler}, J. Craig and {Hetdex Collaboration}},
        title = "{The Stars of the HETDEX Survey. I. Radial Velocities and Metal-poor Stars from Low-resolution Stellar Spectra}",
      journal = {\apj},
     keywords = {Stellar types, Catalogs, Surveys, 1634, 205, 1671, Astrophysics - Astrophysics of Galaxies, Astrophysics - Solar and Stellar Astrophysics},
         year = 2021,
        month = apr,
       volume = {911},
       number = {2},
          eid = {108},
        pages = {108},
          doi = {10.3847/1538-4357/abe9bd},
archivePrefix = {arXiv},
       eprint = {2102.06224},
 primaryClass = {astro-ph.GA},
       adsurl = {https://ui.adsabs.harvard.edu/abs/2021ApJ...911..108H},
      adsnote = {Provided by the SAO/NASA Astrophysics Data System}
}


@ARTICLE{gebhardt21,
       author = {{Gebhardt}, Karl and {Mentuch Cooper}, Erin and {Ciardullo}, Robin and {Acquaviva}, Viviana and {Bender}, Ralf and {Bowman}, William P. and {Castanheira}, Barbara G. and {Dalton}, Gavin and {Davis}, Dustin and {de Jong}, Roelof S. and {DePoy}, D.~L. and {Devarakonda}, Yaswant and {Dongsheng}, Sun and {Drory}, Niv and {Fabricius}, Maximilian and {Farrow}, Daniel J. and {Feldmeier}, John and {Finkelstein}, Steven L. and {Froning}, Cynthia S. and {Gawiser}, Eric and {Gronwall}, Caryl and {Herold}, Laura and {Hill}, Gary J. and {Hopp}, Ulrich and {House}, Lindsay R. and {Janowiecki}, Steven and {Jarvis}, Matthew and {Jeong}, Donghui and {Jogee}, Shardha and {Kakuma}, Ryota and {Kelz}, Andreas and {Kollatschny}, W. and {Komatsu}, Eiichiro and {Krumpe}, Mirko and {Landriau}, Martin and {Liu}, Chenxu and {Niemeyer}, Maja Lujan and {MacQueen}, Phillip and {Marshall}, Jennifer and {Mawatari}, Ken and {McLinden}, Emily M. and {Mukae}, Shiro and {Nagaraj}, Gautam and {Ono}, Yoshiaki and {Ouchi}, Masami and {Papovich}, Casey and {Sakai}, Nao and {Saito}, Shun and {Schneider}, Donald P. and {Schulze}, Andreas and {Shanmugasundararaj}, Khavvia and {Shetrone}, Matthew and {Sneden}, Chris and {Snigula}, Jan and {Steinmetz}, Matthias and {Thomas}, Benjamin P. and {Thomas}, Brianna and {Tuttle}, Sarah and {Urrutia}, Tanya and {Wisotzki}, Lutz and {Wold}, Isak and {Zeimann}, Gregory and {Zhang}, Yechi},
        title = "{The Hobby-Eberly Telescope Dark Energy Experiment (HETDEX) Survey Design, Reductions, and Detections}",
      journal = {\apj},
     keywords = {351, Astrophysics - Instrumentation and Methods for Astrophysics, Astrophysics - Cosmology and Nongalactic Astrophysics, Astrophysics - Astrophysics of Galaxies},
         year = 2021,
        month = dec,
       volume = {923},
       number = {2},
          eid = {217},
        pages = {217},
          doi = {10.3847/1538-4357/ac2e03},
archivePrefix = {arXiv},
       eprint = {2110.04298},
 primaryClass = {astro-ph.IM},
       adsurl = {https://ui.adsabs.harvard.edu/abs/2021ApJ...923..217G},
      adsnote = {Provided by the SAO/NASA Astrophysics Data System}
}

@ARTICLE{byrne24c,
       author = {{Byrne}, Xander and {Bonsor}, Amy and {Rogers}, Laura K. and {Manser}, Christopher J.},
        title = "{Semi-supervised spectral classification of DESI white dwarfs by dimensionality reduction}",
      journal = {\mnras},
     keywords = {Astrophysics - Instrumentation and Methods for Astrophysics, Astrophysics - Solar and Stellar Astrophysics},
         year = 2024,
        month = dec,
       volume = {535},
       number = {3},
        pages = {2246-2259},
          doi = {10.1093/mnras/stae2478},
archivePrefix = {arXiv},
       eprint = {2410.22221},
 primaryClass = {astro-ph.IM},
       adsurl = {https://ui.adsabs.harvard.edu/abs/2024MNRAS.535.2246B},
      adsnote = {Provided by the SAO/NASA Astrophysics Data System}
}


@ARTICLE{desiedr,
       author = {{DESI Collaboration} and {Adame}, A.~G. and {Aguilar}, J. and {Ahlen}, S. and {Alam}, S. and {Aldering}, G. and {Alexander}, D.~M. and {Alfarsy}, R. and {Allende Prieto}, C. and {Alvarez}, M. and {Alves}, O. and {Anand}, A. and {Andrade-Oliveira}, F. and {Armengaud}, E. and {Asorey}, J. and {Avila}, S. and {Aviles}, A. and {Bailey}, S. and {Balaguera-Antol{\'\i}nez}, A. and {Ballester}, O. and {Baltay}, C. and {Bault}, A. and {Bautista}, J. and {Behera}, J. and {Beltran}, S.~F. and {BenZvi}, S. and {Beraldo e Silva}, L. and {Bermejo-Climent}, J.~R. and {Berti}, A. and {Besuner}, R. and {Beutler}, F. and {Bianchi}, D. and {Blake}, C. and {Blum}, R. and {Bolton}, A.~S. and {Brieden}, S. and {Brodzeller}, A. and {Brooks}, D. and {Brown}, Z. and {Buckley-Geer}, E. and {Burtin}, E. and {Cabayol-Garcia}, L. and {Cai}, Z. and {Canning}, R. and {Cardiel-Sas}, L. and {Carnero Rosell}, A. and {Castander}, F.~J. and {Cervantes-Cota}, J.~L. and {Chabanier}, S. and {Chaussidon}, E. and {Chaves-Montero}, J. and {Chen}, S. and {Chuang}, C. and {Claybaugh}, T. and {Cole}, S. and {Cooper}, A.~P. and {Cuceu}, A. and {Davis}, T.~M. and {Dawson}, K. and {de Belsunce}, R. and {de la Cruz}, R. and {de la Macorra}, A. and {de Mattia}, A. and {Demina}, R. and {Demirbozan}, U. and {DeRose}, J. and {Dey}, A. and {Dey}, B. and {Dhungana}, G. and {Ding}, J. and {Ding}, Z. and {Doel}, P. and {Doshi}, R. and {Douglass}, K. and {Edge}, A. and {Eftekharzadeh}, S. and {Eisenstein}, D.~J. and {Elliott}, A. and {Escoffier}, S. and {Fagrelius}, P. and {Fan}, X. and {Fanning}, K. and {Fawcett}, V.~A. and {Ferraro}, S. and {Ereza}, J. and {Flaugher}, B. and {Font-Ribera}, A. and {Forero-S{\'a}nchez}, D. and {Forero-Romero}, J.~E. and {Frenk}, C.~S. and {G{\"a}nsicke}, B.~T. and {Garc{\'\i}a}, L. {\'A}. and {Garc{\'\i}a-Bellido}, J. and {Garcia-Quintero}, C. and {Garrison}, L.~H. and {Gil-Mar{\'\i}n}, H. and {Golden-Marx}, J. and {Gontcho}, S. Gontcho A and {Gonzalez-Morales}, A.~X. and {Gonzalez-Perez}, V. and {Gordon}, C. and {Graur}, O. and {Green}, D. and {Gruen}, D. and {Guy}, J. and {Hadzhiyska}, B. and {Hahn}, C. and {Han}, J.~J. and {Hanif}, M.~M. S and {Herrera-Alcantar}, H.~K. and {Honscheid}, K. and {Hou}, J. and {Howlett}, C. and {Huterer}, D. and {Ir{\v{s}}i{\v{c}}}, V. and {Ishak}, M. and {Jacques}, A. and {Jana}, A. and {Jiang}, L. and {Jimenez}, J. and {Jing}, Y.~P. and {Joudaki}, S. and {Jullo}, E. and {Juneau}, S. and {Kizhuprakkat}, N. and {Kara{\c{c}}ayl{\i}}, N.~G. and {Karim}, T. and {Kehoe}, R. and {Kent}, S. and {Khederlarian}, A. and {Kim}, S. and {Kirkby}, D. and {Kisner}, T. and {Kitaura}, F. and {Kneib}, J. and {Koposov}, S.~E. and {Kov{\'a}cs}, A. and {Kremin}, A. and {Krolewski}, A. and {L'Huillier}, B. and {Lambert}, A. and {Lamman}, C. and {Lan}, T. -W. and {Landriau}, M. and {Lang}, D. and {Lange}, J.~U. and {Lasker}, J. and {Le Guillou}, L. and {Leauthaud}, A. and {Levi}, M.~E. and {Li}, T.~S. and {Linder}, E. and {Lyons}, A. and {Magneville}, C. and {Manera}, M. and {Manser}, C.~J. and {Margala}, D. and {Martini}, P. and {McDonald}, P. and {Medina}, G.~E. and {Medina-Varela}, L. and {Meisner}, A. and {Mena-Fern{\'a}ndez}, J. and {Meneses-Rizo}, J. and {Mezcua}, M. and {Miquel}, R. and {Montero-Camacho}, P. and {Moon}, J. and {Moore}, S. and {Moustakas}, J. and {Mueller}, E. and {Mundet}, J. and {Mu{\~n}oz-Guti{\'e}rrez}, A. and {Myers}, A.~D. and {Nadathur}, S. and {Napolitano}, L. and {Neveux}, R. and {Newman}, J.~A. and {Nie}, J. and {Nikutta}, R. and {Niz}, G. and {Norberg}, P. and {Noriega}, H.~E. and {Paillas}, E. and {Palanque-Delabrouille}, N. and {Palmese}, A. and {Zhiwei}, P. and {Parkinson}, D. and {Penmetsa}, S. and {Percival}, W.~J. and {P{\'e}rez-Fern{\'a}ndez}, A. and {P{\'e}rez-R{\`a}fols}, I. and {Pieri}, M. and {Poppett}, C. and {Porredon}, A. and {Pothier}, S. and {Prada}, F. and {Pucha}, R. and {Raichoor}, A. and {Ram{\'\i}rez-P{\'e}rez}, C. and {Ramirez-Solano}, S. and {Rashkovetskyi}, M. and {Ravoux}, C. and {Rocher}, A. and {Rockosi}, C. and {Ross}, A.~J. and {Rossi}, G. and {Ruggeri}, R. and {Ruhlmann-Kleider}, V. and {Sabiu}, C.~G. and {Said}, K. and {Saintonge}, A. and {Samushia}, L. and {Sanchez}, E. and {Saulder}, C. and {Schaan}, E. and {Schlafly}, E.~F. and {Schlegel}, D. and {Scholte}, D. and {Schubnell}, M. and {Seo}, H. and {Shafieloo}, A. and {Sharples}, R. and {Sheu}, W. and {Silber}, J. and {Sinigaglia}, F. and {Siudek}, M. and {Slepian}, Z. and {Smith}, A. and {Sprayberry}, D. and {Stephey}, L. and {Su{\'a}rez-P{\'e}rez}, J. and {Sun}, Z. and {Tan}, T. and {Tarl{\'e}}, G. and {Tojeiro}, R. and {Ure{\~n}a-L{\'o}pez}, L.~A. and {Vaisakh}, R. and {Valcin}, D. and {Valdes}, F. and {Valluri}, M. and {Vargas-Maga{\~n}a}, M. and {Variu}, A. and {Verde}, L. and {Walther}, M. and {Wang}, B. and {Wang}, M.~S. and {Weaver}, B.~A. and {Weaverdyck}, N. and {Wechsler}, R.~H. and {White}, M. and {Xie}, Y. and {Yang}, J. and {Y{\`e}che}, C. and {Yu}, J. and {Yuan}, S. and {Zhang}, H. and {Zhang}, Z. and {Zhao}, C. and {Zheng}, Z. and {Zhou}, R. and {Zhou}, Z. and {Zou}, H. and {Zou}, S. and {Zu}, Y.},
        title = "{The Early Data Release of the Dark Energy Spectroscopic Instrument}",
      journal = {arXiv e-prints},
     keywords = {Astrophysics - Cosmology and Nongalactic Astrophysics},
         year = 2023,
        month = jun,
          eid = {arXiv:2306.06308},
        pages = {arXiv:2306.06308},
          doi = {10.48550/arXiv.2306.06308},
archivePrefix = {arXiv},
       eprint = {2306.06308},
 primaryClass = {astro-ph.CO},
       adsurl = {https://ui.adsabs.harvard.edu/abs/2023arXiv230606308D},
      adsnote = {Provided by the SAO/NASA Astrophysics Data System}
}

@article{kullbackleibler,
  title={On information and sufficiency},
  author={Kullback, Solomon and Leibler, Richard A},
  journal={The annals of mathematical statistics},
  volume={22},
  number={1},
  pages={79--86},
  year={1951},
  publisher={JSTOR}
}

@ARTICLE{sklearn,
       author = {{Pedregosa}, Fabian and {Varoquaux}, Ga{\"e}l and {Gramfort}, Alexandre and {Michel}, Vincent and {Thirion}, Bertrand and {Grisel}, Olivier and {Blondel}, Mathieu and {M{\"u}ller}, Andreas and {Nothman}, Joel and {Louppe}, Gilles and {Prettenhofer}, Peter and {Weiss}, Ron and {Dubourg}, Vincent and {Vanderplas}, Jake and {Passos}, Alexandre and {Cournapeau}, David and {Brucher}, Matthieu and {Perrot}, Matthieu and {Duchesnay}, {\'E}douard},
        title = "{Scikit-learn: Machine Learning in Python}",
      journal = {Journal of Machine Learning Research},
     keywords = {Python, supervised learning, unsupervised learning, model selection, Computer Science - Machine Learning, Computer Science - Mathematical Software},
         year = 2011,
        month = oct,
       volume = {12},
        pages = {2825-2830},
          doi = {10.48550/arXiv.1201.0490},
archivePrefix = {arXiv},
       eprint = {1201.0490},
 primaryClass = {cs.LG},
       adsurl = {https://ui.adsabs.harvard.edu/abs/2011JMLR...12.2825P},
      adsnote = {Provided by the SAO/NASA Astrophysics Data System}
}

@ARTICLE{andrae23,
       author = {{Andrae}, R. and {Fouesneau}, M. and {Sordo}, R. and {Bailer-Jones}, C.~A.~L. and {Dharmawardena}, T.~E. and {Rybizki}, J. and {De Angeli}, F. and {Lindstr{\o}m}, H.~E.~P. and {Marshall}, D.~J. and {Drimmel}, R. and {Korn}, A.~J. and {Soubiran}, C. and {Brouillet}, N. and {Casamiquela}, L. and {Rix}, H. -W. and {Abreu Aramburu}, A. and {{\'A}lvarez}, M.~A. and {Bakker}, J. and {Bellas-Velidis}, I. and {Bijaoui}, A. and {Brugaletta}, E. and {Burlacu}, A. and {Carballo}, R. and {Chaoul}, L. and {Chiavassa}, A. and {Contursi}, G. and {Cooper}, W.~J. and {Creevey}, O.~L. and {Dafonte}, C. and {Dapergolas}, A. and {de Laverny}, P. and {Delchambre}, L. and {Demouchy}, C. and {Edvardsson}, B. and {Fr{\'e}mat}, Y. and {Garabato}, D. and {Garc{\'\i}a-Lario}, P. and {Garc{\'\i}a-Torres}, M. and {Gavel}, A. and {Gomez}, A. and {Gonz{\'a}lez-Santamar{\'\i}a}, I. and {Hatzidimitriou}, D. and {Heiter}, U. and {Jean-Antoine Piccolo}, A. and {Kontizas}, M. and {Kordopatis}, G. and {Lanzafame}, A.~C. and {Lebreton}, Y. and {Licata}, E.~L. and {Livanou}, E. and {Lobel}, A. and {Lorca}, A. and {Magdaleno Romeo}, A. and {Manteiga}, M. and {Marocco}, F. and {Mary}, N. and {Nicolas}, C. and {Ordenovic}, C. and {Pailler}, F. and {Palicio}, P.~A. and {Pallas-Quintela}, L. and {Panem}, C. and {Pichon}, B. and {Poggio}, E. and {Recio-Blanco}, A. and {Riclet}, F. and {Robin}, C. and {Santove{\~n}a}, R. and {Sarro}, L.~M. and {Schultheis}, M.~S. and {Segol}, M. and {Silvelo}, A. and {Slezak}, I. and {Smart}, R.~L. and {S{\"u}veges}, M. and {Th{\'e}venin}, F. and {Torralba Elipe}, G. and {Ulla}, A. and {Utrilla}, E. and {Vallenari}, A. and {van Dillen}, E. and {Zhao}, H. and {Zorec}, J.},
        title = "{Gaia Data Release 3. Analysis of the Gaia BP/RP spectra using the General Stellar Parameterizer from Photometry}",
      journal = {\aap},
     keywords = {stars: fundamental parameters, surveys, catalogs, methods: data analysis, Astrophysics - Solar and Stellar Astrophysics, Astrophysics - Astrophysics of Galaxies},
         year = 2023,
        month = jun,
       volume = {674},
          eid = {A27},
        pages = {A27},
          doi = {10.1051/0004-6361/202243462},
archivePrefix = {arXiv},
       eprint = {2206.06138},
 primaryClass = {astro-ph.SR},
       adsurl = {https://ui.adsabs.harvard.edu/abs/2023A&A...674A..27A},
      adsnote = {Provided by the SAO/NASA Astrophysics Data System}
}

@ARTICLE{lindegren18,
       author = {{Lindegren}, L. and {Hern{\'a}ndez}, J. and {Bombrun}, A. and {Klioner}, S. and {Bastian}, U. and {Ramos-Lerate}, M. and {de Torres}, A. and {Steidelm{\"u}ller}, H. and {Stephenson}, C. and {Hobbs}, D. and {Lammers}, U. and {Biermann}, M. and {Geyer}, R. and {Hilger}, T. and {Michalik}, D. and {Stampa}, U. and {McMillan}, P.~J. and {Casta{\~n}eda}, J. and {Clotet}, M. and {Comoretto}, G. and {Davidson}, M. and {Fabricius}, C. and {Gracia}, G. and {Hambly}, N.~C. and {Hutton}, A. and {Mora}, A. and {Portell}, J. and {van Leeuwen}, F. and {Abbas}, U. and {Abreu}, A. and {Altmann}, M. and {Andrei}, A. and {Anglada}, E. and {Balaguer-N{\'u}{\~n}ez}, L. and {Barache}, C. and {Becciani}, U. and {Bertone}, S. and {Bianchi}, L. and {Bouquillon}, S. and {Bourda}, G. and {Br{\"u}semeister}, T. and {Bucciarelli}, B. and {Busonero}, D. and {Buzzi}, R. and {Cancelliere}, R. and {Carlucci}, T. and {Charlot}, P. and {Cheek}, N. and {Crosta}, M. and {Crowley}, C. and {de Bruijne}, J. and {de Felice}, F. and {Drimmel}, R. and {Esquej}, P. and {Fienga}, A. and {Fraile}, E. and {Gai}, M. and {Garralda}, N. and {Gonz{\'a}lez-Vidal}, J.~J. and {Guerra}, R. and {Hauser}, M. and {Hofmann}, W. and {Holl}, B. and {Jordan}, S. and {Lattanzi}, M.~G. and {Lenhardt}, H. and {Liao}, S. and {Licata}, E. and {Lister}, T. and {L{\"o}ffler}, W. and {Marchant}, J. and {Martin-Fleitas}, J. -M. and {Messineo}, R. and {Mignard}, F. and {Morbidelli}, R. and {Poggio}, E. and {Riva}, A. and {Rowell}, N. and {Salguero}, E. and {Sarasso}, M. and {Sciacca}, E. and {Siddiqui}, H. and {Smart}, R.~L. and {Spagna}, A. and {Steele}, I. and {Taris}, F. and {Torra}, J. and {van Elteren}, A. and {van Reeven}, W. and {Vecchiato}, A.},
        title = "{Gaia Data Release 2. The astrometric solution}",
      journal = {\aap},
     keywords = {astrometry, parallaxes, proper motions, methods: data analysis, space vehicles: instruments, reference systems, Astrophysics - Instrumentation and Methods for Astrophysics},
         year = 2018,
        month = aug,
       volume = {616},
          eid = {A2},
        pages = {A2},
          doi = {10.1051/0004-6361/201832727},
archivePrefix = {arXiv},
       eprint = {1804.09366},
 primaryClass = {astro-ph.IM},
       adsurl = {https://ui.adsabs.harvard.edu/abs/2018A&A...616A...2L},
      adsnote = {Provided by the SAO/NASA Astrophysics Data System}
}


@ARTICLE{gentilefusillo15,
       author = {{Gentile Fusillo}, Nicola Pietro and {G{\"a}nsicke}, Boris T. and {Greiss}, Sandra},
        title = "{A photometric selection of white dwarf candidates in Sloan Digital Sky Survey Data Release 10}",
      journal = {\mnras},
     keywords = {catalogues, surveys, white dwarfs},
         year = 2015,
        month = apr,
       volume = {448},
       number = {3},
        pages = {2260-2274},
          doi = {10.1093/mnras/stv120},
       adsurl = {https://ui.adsabs.harvard.edu/abs/2015MNRAS.448.2260G},
      adsnote = {Provided by the SAO/NASA Astrophysics Data System}
}


@ARTICLE{williams24,
       author = {{Williams}, J.~T. and {G{\"a}nsicke}, B.~T. and {Swan}, A. and {O'Brien}, M.~W. and {Izquierdo}, P. and {Cutolo}, A. -M. and {Cunningham}, T.},
        title = "{PEWDD: A database of white dwarfs enriched by exo-planetary material}",
      journal = {\aap},
     keywords = {planets and satellites: composition, stars: abundances, white dwarfs, Astrophysics - Earth and Planetary Astrophysics, Astrophysics - Instrumentation and Methods for Astrophysics, Astrophysics - Solar and Stellar Astrophysics},
         year = 2024,
        month = nov,
       volume = {691},
          eid = {A352},
        pages = {A352},
          doi = {10.1051/0004-6361/202450509},
archivePrefix = {arXiv},
       eprint = {2409.16046},
 primaryClass = {astro-ph.EP},
       adsurl = {https://ui.adsabs.harvard.edu/abs/2024A&A...691A.352W},
      adsnote = {Provided by the SAO/NASA Astrophysics Data System}
}


@INPROCEEDINGS{dufour17,
       author = {{Dufour}, P. and {Blouin}, S. and {Coutu}, S. and {Fortin-Archambault}, M. and {Thibeault}, C. and {Bergeron}, P. and {Fontaine}, G.},
        title = "{The Montreal White Dwarf Database: A Tool for the Community}",
     keywords = {Astrophysics - Solar and Stellar Astrophysics, Astrophysics - Instrumentation and Methods for Astrophysics},
    booktitle = {20th European White Dwarf Workshop},
         year = 2017,
       editor = {{Tremblay}, P. -E. and {Gaensicke}, B. and {Marsh}, T.},
       series = {Astronomical Society of the Pacific Conference Series},
       volume = {509},
        month = mar,
        pages = {3},
          doi = {10.48550/arXiv.1610.00986},
archivePrefix = {arXiv},
       eprint = {1610.00986},
 primaryClass = {astro-ph.SR},
       adsurl = {https://ui.adsabs.harvard.edu/abs/2017ASPC..509....3D},
      adsnote = {Provided by the SAO/NASA Astrophysics Data System}
}

@inproceedings{ester96,
  title={A density-based algorithm for discovering clusters in large spatial databases with noise},
  author={Ester, Martin and Kriegel, Hans-Peter and Sander, J{\"o}rg and Xu, Xiaowei and others},
  booktitle={kdd},
  volume={96},
  pages={226--231},
  year={1996}
}

@ARTICLE{bedard24,
       author = {{B{\'e}dard}, Antoine},
        title = "{The spectral evolution of white dwarfs: where do we stand?}",
      journal = {\apss},
     keywords = {White dwarf stars (1799), Atmospheric composition (2120), Stellar evolution (1599), Astrophysics - Solar and Stellar Astrophysics, Astrophysics - Earth and Planetary Astrophysics},
         year = 2024,
        month = apr,
       volume = {369},
       number = {4},
          eid = {43},
        pages = {43},
          doi = {10.1007/s10509-024-04307-5},
archivePrefix = {arXiv},
       eprint = {2405.01268},
 primaryClass = {astro-ph.SR},
       adsurl = {https://ui.adsabs.harvard.edu/abs/2024Ap&SS.369...43B},
      adsnote = {Provided by the SAO/NASA Astrophysics Data System}
}

@ARTICLE{ochsenbein00,
       author = {{Ochsenbein}, F. and {Bauer}, P. and {Marcout}, J.},
        title = "{The VizieR database of astronomical catalogues}",
      journal = {\aaps},
     keywords = {ASTRONOMICAL DATA BASES: MISCELLANEOUS, CATALOGS, Astrophysics},
         year = 2000,
        month = apr,
       volume = {143},
        pages = {23-32},
          doi = {10.1051/aas:2000169},
archivePrefix = {arXiv},
       eprint = {astro-ph/0002122},
 primaryClass = {astro-ph},
       adsurl = {https://ui.adsabs.harvard.edu/abs/2000A&AS..143...23O},
      adsnote = {Provided by the SAO/NASA Astrophysics Data System}
}

@article{barnes86,
  title={A hierarchical O (N log N) force-calculation algorithm},
  author={Barnes, Josh and Hut, Piet},
  journal={nature},
  volume={324},
  number={6096},
  pages={446--449},
  year={1986},
  publisher={Nature Publishing Group UK London}
}

@article{vandermaaten13,
  title={Barnes-hut-sne},
  author={Van Der Maaten, Laurens},
  journal={arXiv preprint arXiv:1301.3342},
  year={2013}
}

@inproceedings{chen20,
  title={A simple framework for contrastive learning of visual representations},
  author={Chen, Ting and Kornblith, Simon and Norouzi, Mohammad and Hinton, Geoffrey},
  booktitle={International conference on machine learning},
  pages={1597--1607},
  year={2020},
  organization={PMLR}
}

@article{wang24,
  title={Disentangled representation learning},
  author={Wang, Xin and Chen, Hong and Wu, Zihao and Zhu, Wenwu and others},
  journal={IEEE Transactions on Pattern Analysis and Machine Intelligence},
  year={2024},
  publisher={IEEE}
}

@ARTICLE{astropy1,
       author = {{Astropy Collaboration} and {Robitaille}, Thomas P. and {Tollerud}, Erik J. and {Greenfield}, Perry and {Droettboom}, Michael and {Bray}, Erik and {Aldcroft}, Tom and {Davis}, Matt and {Ginsburg}, Adam and {Price-Whelan}, Adrian M. and {Kerzendorf}, Wolfgang E. and {Conley}, Alexander and {Crighton}, Neil and {Barbary}, Kyle and {Muna}, Demitri and {Ferguson}, Henry and {Grollier}, Fr{\'e}d{\'e}ric and {Parikh}, Madhura M. and {Nair}, Prasanth H. and {Unther}, Hans M. and {Deil}, Christoph and {Woillez}, Julien and {Conseil}, Simon and {Kramer}, Roban and {Turner}, James E.~H. and {Singer}, Leo and {Fox}, Ryan and {Weaver}, Benjamin A. and {Zabalza}, Victor and {Edwards}, Zachary I. and {Azalee Bostroem}, K. and {Burke}, D.~J. and {Casey}, Andrew R. and {Crawford}, Steven M. and {Dencheva}, Nadia and {Ely}, Justin and {Jenness}, Tim and {Labrie}, Kathleen and {Lim}, Pey Lian and {Pierfederici}, Francesco and {Pontzen}, Andrew and {Ptak}, Andy and {Refsdal}, Brian and {Servillat}, Mathieu and {Streicher}, Ole},
        title = "{Astropy: A community Python package for astronomy}",
      journal = {\aap},
     keywords = {methods: data analysis, methods: miscellaneous, virtual observatory tools, Astrophysics - Instrumentation and Methods for Astrophysics},
         year = 2013,
        month = oct,
       volume = {558},
          eid = {A33},
        pages = {A33},
          doi = {10.1051/0004-6361/201322068},
archivePrefix = {arXiv},
       eprint = {1307.6212},
 primaryClass = {astro-ph.IM},
       adsurl = {https://ui.adsabs.harvard.edu/abs/2013A&A...558A..33A},
      adsnote = {Provided by the SAO/NASA Astrophysics Data System}
}

@ARTICLE{astropy2,
       author = {{Astropy Collaboration} and {Price-Whelan}, A.~M. and {Sip{\H{o}}cz}, B.~M. and {G{\"u}nther}, H.~M. and {Lim}, P.~L. and {Crawford}, S.~M. and {Conseil}, S. and {Shupe}, D.~L. and {Craig}, M.~W. and {Dencheva}, N. and {Ginsburg}, A. and {VanderPlas}, J.~T. and {Bradley}, L.~D. and {P{\'e}rez-Su{\'a}rez}, D. and {de Val-Borro}, M. and {Aldcroft}, T.~L. and {Cruz}, K.~L. and {Robitaille}, T.~P. and {Tollerud}, E.~J. and {Ardelean}, C. and {Babej}, T. and {Bach}, Y.~P. and {Bachetti}, M. and {Bakanov}, A.~V. and {Bamford}, S.~P. and {Barentsen}, G. and {Barmby}, P. and {Baumbach}, A. and {Berry}, K.~L. and {Biscani}, F. and {Boquien}, M. and {Bostroem}, K.~A. and {Bouma}, L.~G. and {Brammer}, G.~B. and {Bray}, E.~M. and {Breytenbach}, H. and {Buddelmeijer}, H. and {Burke}, D.~J. and {Calderone}, G. and {Cano Rodr{\'\i}guez}, J.~L. and {Cara}, M. and {Cardoso}, J.~V.~M. and {Cheedella}, S. and {Copin}, Y. and {Corrales}, L. and {Crichton}, D. and {D'Avella}, D. and {Deil}, C. and {Depagne}, {\'E}. and {Dietrich}, J.~P. and {Donath}, A. and {Droettboom}, M. and {Earl}, N. and {Erben}, T. and {Fabbro}, S. and {Ferreira}, L.~A. and {Finethy}, T. and {Fox}, R.~T. and {Garrison}, L.~H. and {Gibbons}, S.~L.~J. and {Goldstein}, D.~A. and {Gommers}, R. and {Greco}, J.~P. and {Greenfield}, P. and {Groener}, A.~M. and {Grollier}, F. and {Hagen}, A. and {Hirst}, P. and {Homeier}, D. and {Horton}, A.~J. and {Hosseinzadeh}, G. and {Hu}, L. and {Hunkeler}, J.~S. and {Ivezi{\'c}}, {\v{Z}}. and {Jain}, A. and {Jenness}, T. and {Kanarek}, G. and {Kendrew}, S. and {Kern}, N.~S. and {Kerzendorf}, W.~E. and {Khvalko}, A. and {King}, J. and {Kirkby}, D. and {Kulkarni}, A.~M. and {Kumar}, A. and {Lee}, A. and {Lenz}, D. and {Littlefair}, S.~P. and {Ma}, Z. and {Macleod}, D.~M. and {Mastropietro}, M. and {McCully}, C. and {Montagnac}, S. and {Morris}, B.~M. and {Mueller}, M. and {Mumford}, S.~J. and {Muna}, D. and {Murphy}, N.~A. and {Nelson}, S. and {Nguyen}, G.~H. and {Ninan}, J.~P. and {N{\"o}the}, M. and {Ogaz}, S. and {Oh}, S. and {Parejko}, J.~K. and {Parley}, N. and {Pascual}, S. and {Patil}, R. and {Patil}, A.~A. and {Plunkett}, A.~L. and {Prochaska}, J.~X. and {Rastogi}, T. and {Reddy Janga}, V. and {Sabater}, J. and {Sakurikar}, P. and {Seifert}, M. and {Sherbert}, L.~E. and {Sherwood-Taylor}, H. and {Shih}, A.~Y. and {Sick}, J. and {Silbiger}, M.~T. and {Singanamalla}, S. and {Singer}, L.~P. and {Sladen}, P.~H. and {Sooley}, K.~A. and {Sornarajah}, S. and {Streicher}, O. and {Teuben}, P. and {Thomas}, S.~W. and {Tremblay}, G.~R. and {Turner}, J.~E.~H. and {Terr{\'o}n}, V. and {van Kerkwijk}, M.~H. and {de la Vega}, A. and {Watkins}, L.~L. and {Weaver}, B.~A. and {Whitmore}, J.~B. and {Woillez}, J. and {Zabalza}, V. and {Astropy Contributors}},
        title = "{The Astropy Project: Building an Open-science Project and Status of the v2.0 Core Package}",
      journal = {\aj},
     keywords = {methods: data analysis, methods: miscellaneous, methods: statistical, reference systems, Astrophysics - Instrumentation and Methods for Astrophysics},
         year = 2018,
        month = sep,
       volume = {156},
       number = {3},
          eid = {123},
        pages = {123},
          doi = {10.3847/1538-3881/aabc4f},
archivePrefix = {arXiv},
       eprint = {1801.02634},
 primaryClass = {astro-ph.IM},
       adsurl = {https://ui.adsabs.harvard.edu/abs/2018AJ....156..123A},
      adsnote = {Provided by the SAO/NASA Astrophysics Data System}
}

@ARTICLE{astropy3,
       author = {{Astropy Collaboration} and {Price-Whelan}, Adrian M. and {Lim}, Pey Lian and {Earl}, Nicholas and {Starkman}, Nathaniel and {Bradley}, Larry and {Shupe}, David L. and {Patil}, Aarya A. and {Corrales}, Lia and {Brasseur}, C.~E. and {N{\"o}the}, Maximilian and {Donath}, Axel and {Tollerud}, Erik and {Morris}, Brett M. and {Ginsburg}, Adam and {Vaher}, Eero and {Weaver}, Benjamin A. and {Tocknell}, James and {Jamieson}, William and {van Kerkwijk}, Marten H. and {Robitaille}, Thomas P. and {Merry}, Bruce and {Bachetti}, Matteo and {G{\"u}nther}, H. Moritz and {Aldcroft}, Thomas L. and {Alvarado-Montes}, Jaime A. and {Archibald}, Anne M. and {B{\'o}di}, Attila and {Bapat}, Shreyas and {Barentsen}, Geert and {Baz{\'a}n}, Juanjo and {Biswas}, Manish and {Boquien}, M{\'e}d{\'e}ric and {Burke}, D.~J. and {Cara}, Daria and {Cara}, Mihai and {Conroy}, Kyle E. and {Conseil}, Simon and {Craig}, Matthew W. and {Cross}, Robert M. and {Cruz}, Kelle L. and {D'Eugenio}, Francesco and {Dencheva}, Nadia and {Devillepoix}, Hadrien A.~R. and {Dietrich}, J{\"o}rg P. and {Eigenbrot}, Arthur Davis and {Erben}, Thomas and {Ferreira}, Leonardo and {Foreman-Mackey}, Daniel and {Fox}, Ryan and {Freij}, Nabil and {Garg}, Suyog and {Geda}, Robel and {Glattly}, Lauren and {Gondhalekar}, Yash and {Gordon}, Karl D. and {Grant}, David and {Greenfield}, Perry and {Groener}, Austen M. and {Guest}, Steve and {Gurovich}, Sebastian and {Handberg}, Rasmus and {Hart}, Akeem and {Hatfield-Dodds}, Zac and {Homeier}, Derek and {Hosseinzadeh}, Griffin and {Jenness}, Tim and {Jones}, Craig K. and {Joseph}, Prajwel and {Kalmbach}, J. Bryce and {Karamehmetoglu}, Emir and {Ka{\l}uszy{\'n}ski}, Miko{\l}aj and {Kelley}, Michael S.~P. and {Kern}, Nicholas and {Kerzendorf}, Wolfgang E. and {Koch}, Eric W. and {Kulumani}, Shankar and {Lee}, Antony and {Ly}, Chun and {Ma}, Zhiyuan and {MacBride}, Conor and {Maljaars}, Jakob M. and {Muna}, Demitri and {Murphy}, N.~A. and {Norman}, Henrik and {O'Steen}, Richard and {Oman}, Kyle A. and {Pacifici}, Camilla and {Pascual}, Sergio and {Pascual-Granado}, J. and {Patil}, Rohit R. and {Perren}, Gabriel I. and {Pickering}, Timothy E. and {Rastogi}, Tanuj and {Roulston}, Benjamin R. and {Ryan}, Daniel F. and {Rykoff}, Eli S. and {Sabater}, Jose and {Sakurikar}, Parikshit and {Salgado}, Jes{\'u}s and {Sanghi}, Aniket and {Saunders}, Nicholas and {Savchenko}, Volodymyr and {Schwardt}, Ludwig and {Seifert-Eckert}, Michael and {Shih}, Albert Y. and {Jain}, Anany Shrey and {Shukla}, Gyanendra and {Sick}, Jonathan and {Simpson}, Chris and {Singanamalla}, Sudheesh and {Singer}, Leo P. and {Singhal}, Jaladh and {Sinha}, Manodeep and {Sip{\H{o}}cz}, Brigitta M. and {Spitler}, Lee R. and {Stansby}, David and {Streicher}, Ole and {{\v{S}}umak}, Jani and {Swinbank}, John D. and {Taranu}, Dan S. and {Tewary}, Nikita and {Tremblay}, Grant R. and {de Val-Borro}, Miguel and {Van Kooten}, Samuel J. and {Vasovi{\'c}}, Zlatan and {Verma}, Shresth and {de Miranda Cardoso}, Jos{\'e} Vin{\'\i}cius and {Williams}, Peter K.~G. and {Wilson}, Tom J. and {Winkel}, Benjamin and {Wood-Vasey}, W.~M. and {Xue}, Rui and {Yoachim}, Peter and {Zhang}, Chen and {Zonca}, Andrea and {Astropy Project Contributors}},
        title = "{The Astropy Project: Sustaining and Growing a Community-oriented Open-source Project and the Latest Major Release (v5.0) of the Core Package}",
      journal = {\apj},
     keywords = {Astronomy software, Open source software, Astronomy data analysis, 1855, 1866, 1858, Astrophysics - Instrumentation and Methods for Astrophysics},
         year = 2022,
        month = aug,
       volume = {935},
       number = {2},
          eid = {167},
        pages = {167},
          doi = {10.3847/1538-4357/ac7c74},
archivePrefix = {arXiv},
       eprint = {2206.14220},
 primaryClass = {astro-ph.IM},
       adsurl = {https://ui.adsabs.harvard.edu/abs/2022ApJ...935..167A},
      adsnote = {Provided by the SAO/NASA Astrophysics Data System}
}

@Manual{bokeh,
    title = {Bokeh: Python library for interactive visualization},
    author = {{Bokeh Development Team}},
    year = {2018},
    url = {https://bokeh.pydata.org/en/latest/},
}

@Article{matplotlib,
  Author    = {Hunter, J. D.},
  Title     = {Matplotlib: A 2D graphics environment},
  Journal   = {Computing in Science \& Engineering},
  Volume    = {9},
  Number    = {3},
  Pages     = {90--95},
  abstract  = {Matplotlib is a 2D graphics package used for Python for
  application development, interactive scripting, and publication-quality
  image generation across user interfaces and operating systems.},
  publisher = {IEEE COMPUTER SOC},
  doi       = {10.1109/MCSE.2007.55},
  year      = 2007
}

@misc{pandas1,
    author       = {The pandas development team},
    title        = {pandas-dev/pandas: Pandas},
    month        = feb,
    year         = 2020,
    publisher    = {Zenodo},
    version      = {latest},
    doi          = {10.5281/zenodo.3509134},
    url          = {https://doi.org/10.5281/zenodo.3509134},
    note = {Pandas!}
}

@InProceedings{pandas2,
  author    = { {W}es {M}c{K}inney },
  title     = { {D}ata {S}tructures for {S}tatistical {C}omputing in {P}ython },
  booktitle = { {P}roceedings of the 9th {P}ython in {S}cience {C}onference },
  pages     = { 56 - 61 },
  year      = { 2010 },
  editor    = { {S}t\'efan van der {W}alt and {J}arrod {M}illman },
  doi       = { 10.25080/Majora-92bf1922-00a }
}

@Article{numpy,
 title         = {Array programming with {NumPy}},
 author        = {Charles R. Harris and K. Jarrod Millman and St{\'{e}}fan J.
                 van der Walt and Ralf Gommers and Pauli Virtanen and David
                 Cournapeau and Eric Wieser and Julian Taylor and Sebastian
                 Berg and Nathaniel J. Smith and Robert Kern and Matti Picus
                 and Stephan Hoyer and Marten H. van Kerkwijk and Matthew
                 Brett and Allan Haldane and Jaime Fern{\'{a}}ndez del
                 R{\'{i}}o and Mark Wiebe and Pearu Peterson and Pierre
                 G{\'{e}}rard-Marchant and Kevin Sheppard and Tyler Reddy and
                 Warren Weckesser and Hameer Abbasi and Christoph Gohlke and
                 Travis E. Oliphant},
 year          = {2020},
 month         = sep,
 journal       = {Nature},
 volume        = {585},
 number        = {7825},
 pages         = {357--362},
 doi           = {10.1038/s41586-020-2649-2},
 publisher     = {Springer Science and Business Media {LLC}},
 url           = {https://doi.org/10.1038/s41586-020-2649-2}
}

@article{lex14,
  title={UpSet: visualization of intersecting sets},
  author={Lex, Alexander and Gehlenborg, Nils and Strobelt, Hendrik and Vuillemot, Romain and Pfister, Hanspeter},
  journal={IEEE transactions on visualization and computer graphics},
  volume={20},
  number={12},
  pages={1983--1992},
  year={2014},
  publisher={IEEE}
}

@ARTICLE{xu21,
       author = {{Xu}, Siyi and {Bonsor}, Amy},
        title = "{Exogeology from Polluted White Dwarfs}",
      journal = {Elements},
     keywords = {Astrophysics - Earth and Planetary Astrophysics, Astrophysics - Solar and Stellar Astrophysics},
         year = 2021,
        month = aug,
       volume = {17},
       number = {4},
        pages = {241},
          doi = {10.2138/gselements.17.4.241},
archivePrefix = {arXiv},
       eprint = {2108.08384},
 primaryClass = {astro-ph.EP},
       adsurl = {https://ui.adsabs.harvard.edu/abs/2021Eleme..17..241X},
      adsnote = {Provided by the SAO/NASA Astrophysics Data System}
}

@ARTICLE{koester14,
       author = {{Koester}, D. and {G{\"a}nsicke}, B.~T. and {Farihi}, J.},
        title = "{The frequency of planetary debris around young white dwarfs}",
      journal = {\aap},
     keywords = {white dwarfs, stars: atmospheres, stars: abundances, circumstellar matter, planetary systems, Astrophysics - Solar and Stellar Astrophysics},
         year = 2014,
        month = jun,
       volume = {566},
          eid = {A34},
        pages = {A34},
          doi = {10.1051/0004-6361/201423691},
archivePrefix = {arXiv},
       eprint = {1404.2617},
 primaryClass = {astro-ph.SR},
       adsurl = {https://ui.adsabs.harvard.edu/abs/2014A&A...566A..34K},
      adsnote = {Provided by the SAO/NASA Astrophysics Data System}
}

@ARTICLE{ouldrouis24,
       author = {{Ould Rouis}, Lou Baya and {Hermes}, J.~J. and {G{\"a}nsicke}, Boris T. and {Sahu}, Snehalata and {Koester}, Detlev and {Tremblay}, P. -E. and {Veras}, Dimitri and {Farihi}, Jay and {Heintz}, Tyler M. and {Gentile Fusillo}, Nicola Pietro and {Redfield}, Seth},
        title = "{Constraints on Remnant Planetary Systems as a Function of Main-sequence Mass with HST/COS}",
      journal = {\apj},
     keywords = {White dwarf stars, Exoplanets, Ultraviolet astronomy, Stellar kinematics, 1799, 498, 1736, 1608, Astrophysics - Solar and Stellar Astrophysics, Astrophysics - Earth and Planetary Astrophysics},
         year = 2024,
        month = dec,
       volume = {976},
       number = {2},
          eid = {156},
        pages = {156},
          doi = {10.3847/1538-4357/ad86bb},
archivePrefix = {arXiv},
       eprint = {2410.06335},
 primaryClass = {astro-ph.SR},
       adsurl = {https://ui.adsabs.harvard.edu/abs/2024ApJ...976..156O},
      adsnote = {Provided by the SAO/NASA Astrophysics Data System}
}

@ARTICLE{desidr1,
       author = {{DESI Collaboration} and {Abdul-Karim}, M. and {Adame}, A.~G. and {Aguado}, D. and {Aguilar}, J. and {Ahlen}, S. and {Alam}, S. and {Aldering}, G. and {Alexander}, D.~M. and {Alfarsy}, R. and {Allen}, L. and {Allende Prieto}, C. and {Alves}, O. and {Anand}, A. and {Andrade}, U. and {Armengaud}, E. and {Avila}, S. and {Aviles}, A. and {Awan}, H. and {Bailey}, S. and {Baleato Lizancos}, A. and {Ballester}, O. and {Bault}, A. and {Bautista}, J. and {BenZvi}, S. and {Beraldo e Silva}, L. and {Bermejo-Climent}, J.~R. and {Beutler}, F. and {Bianchi}, D. and {Blake}, C. and {Blum}, R. and {Bolton}, A.~S. and {Bonici}, M. and {Brieden}, S. and {Brodzeller}, A. and {Brooks}, D. and {Buckley-Geer}, E. and {Burtin}, E. and {Canning}, R. and {Carnero Rosell}, A. and {Carr}, A. and {Carrilho}, P. and {Casas}, L. and {Castander}, F.~J. and {Cereskaite}, R. and {Cervantes-Cota}, J.~L. and {Chaussidon}, E. and {Chaves-Montero}, J. and {Chen}, S. and {Chen}, X. and {Claybaugh}, T. and {Cole}, S. and {Cooper}, A.~P. and {Cousinou}, M. -C. and {Cuceu}, A. and {Davis}, T.~M. and {Dawson}, K.~S. and {de Belsunce}, R. and {de la Cruz}, R. and {de la Macorra}, A. and {de Mattia}, A. and {Deiosso}, N. and {Della Costa}, J. and {Demina}, R. and {Demirbozan}, U. and {DeRose}, J. and {Dey}, A. and {Dey}, B. and {Ding}, J. and {Ding}, Z. and {Doel}, P. and {Douglass}, K. and {Dowicz}, M. and {Ebina}, H. and {Edelstein}, J. and {Eisenstein}, D.~J. and {Elbers}, W. and {Emas}, N. and {Escoffier}, S. and {Fagrelius}, P. and {Fan}, X. and {Fanning}, K. and {Fawcett}, V.~A. and {Fern{\'a}ndez-Garc{\'i}a}, E. and {Ferraro}, S. and {Findlay}, N. and {Font-Ribera}, A. and {Forero-Romero}, J.~E. and {Forero-S{\'a}nchez}, D. and {Frenk}, C.~S. and {G{\"a}nsicke}, B.~T. and {Galbany}, L. and {Garc{\'i}a-Bellido}, J. and {Garcia-Quintero}, C. and {Garrison}, L.~H. and {Gazta{\~n}aga}, E. and {Gil-Mar{\'i}n}, H. and {Gnedin}, O.~Y. and {Gontcho}, S. Gontcho A and {Gonzalez-Morales}, A.~X. and {Gonzalez-Perez}, V. and {Gordon}, C. and {Graur}, O. and {Green}, D. and {Gruen}, D. and {Gsponer}, R. and {Guandalin}, C. and {Gutierrez}, G. and {Guy}, J. and {Hahn}, C. and {Han}, J.~J. and {Han}, J. and {He}, S. and {Herrera-Alcantar}, H.~K. and {Honscheid}, K. and {Hou}, J. and {Howlett}, C. and {Huterer}, D. and {Iršič}, V. and {Ishak}, M. and {Jacques}, A. and {Jimenez}, J. and {Jing}, Y.~P. and {Joachimi}, B. and {Joudaki}, S. and {Joyce}, R. and {Jullo}, E. and {Juneau}, S. and {Karaçaylı}, N.~G. and {Karim}, T. and {Kehoe}, R. and {Kent}, S. and {Khederlarian}, A. and {Kirkby}, D. and {Kisner}, T. and {Kitaura}, F. -S. and {Kizhuprakkat}, N. and {Kong}, H. and {Koposov}, S.~E. and {Kremin}, A. and {Krolewski}, A. and {Lahav}, O. and {Lai}, Y. and {Lamman}, C. and {Lan}, T. -W. and {Landriau}, M. and {Lang}, D. and {Lange}, J.~U. and {Lasker}, J. and {Le Goff}, J.~M. and {Le Guillou}, L. and {Leauthaud}, A. and {Levi}, M.~E. and {Li}, S. and {Li}, T.~S. and {Lodha}, K. and {Lokken}, M. and {Luo}, Y. and {Magneville}, C. and {Manera}, M. and {Manser}, C.~J. and {Margala}, D. and {Martini}, P. and {Maus}, M. and {McCullough}, J. and {McDonald}, P. and {Medina}, G.~E. and {Medina-Varela}, L. and {Meisner}, A. and {Mena-Fern{\'a}ndez}, J. and {Menegas}, A. and {Mezcua}, M. and {Miquel}, R. and {Montero-Camacho}, P. and {Moon}, J. and {Moustakas}, J. and {Mu{\~n}oz-Guti{\'e}rrez}, A. and {Mu{\~n}oz-Santos}, D. and {Myers}, A.~D. and {Myles}, J. and {Nadathur}, S. and {Najita}, J. and {Napolitano}, L. and {Newman}, J.~A. and {Nikakhtar}, F. and {Nikutta}, R. and {Niz}, G. and {Noriega}, H.~E. and {Padmanabhan}, N. and {Paillas}, E. and {Palanque-Delabrouille}, N. and {Palmese}, A. and {Pan}, J. and {Pan}, Z. and {Parkinson}, D. and {Peacock}, J. and {Percival}, W.~J. and {P{\'e}rez-Fern{\'a}ndez}, A. and {P{\'e}rez-R{\`a}fols}, I. and {Peterson}, P.},
        title = "{Data Release 1 of the Dark Energy Spectroscopic Instrument}",
      journal = {arXiv e-prints},
     keywords = {Cosmology and Nongalactic Astrophysics},
         year = 2025,
        month = mar,
          eid = {arXiv:2503.14745},
        pages = {arXiv:2503.14745},
          doi = {10.48550/arXiv.2503.14745},
archivePrefix = {arXiv},
       eprint = {2503.14745},
 primaryClass = {astro-ph.CO},
       adsurl = {https://ui.adsabs.harvard.edu/abs/2025arXiv250314745D},
      adsnote = {Provided by the SAO/NASA Astrophysics Data System}
}

@ARTICLE{vincent25,
       author = {{Vincent}, Olivier and {Bergeron}, Pierre and {Dufour}, Patrick},
        title = "{Synthetic spectroscopy for white dwarf classification: addressing label uncertainty and class imbalance}",
      journal = {\mnras},
     keywords = {Astrophysics - Solar and Stellar Astrophysics, Astrophysics - Astrophysics of Galaxies, Astrophysics - Instrumentation and Methods for Astrophysics},
         year = 2025,
        month = apr,
       volume = {538},
       number = {3},
        pages = {2233-2244},
          doi = {10.1093/mnras/staf448},
archivePrefix = {arXiv},
       eprint = {2503.13231},
 primaryClass = {astro-ph.SR},
       adsurl = {https://ui.adsabs.harvard.edu/abs/2025MNRAS.538.2233V},
      adsnote = {Provided by the SAO/NASA Astrophysics Data System}
}

@ARTICLE{koester05,
       author = {{Koester}, D. and {Rollenhagen}, K. and {Napiwotzki}, R. and {Voss}, B. and {Christlieb}, N. and {Homeier}, D. and {Reimers}, D.},
        title = "{Metal traces in white dwarfs of the SPY (ESO Supernova Ia Progenitor Survey) sample}",
      journal = {\aap},
     keywords = {stars: white dwarfs, stars: atmospheres, stars:, abundances},
         year = 2005,
        month = mar,
       volume = {432},
       number = {3},
        pages = {1025-1032},
          doi = {10.1051/0004-6361:20041927},
       adsurl = {https://ui.adsabs.harvard.edu/abs/2005A&A...432.1025K},
      adsnote = {Provided by the SAO/NASA Astrophysics Data System}
}

@ARTICLE{koester11,
       author = {{Koester}, D. and {Girven}, J. and {G{\"a}nsicke}, B.~T. and {Dufour}, P.},
        title = "{Cool DZ white dwarfs in the SDSS}",
      journal = {\aap},
     keywords = {white dwarfs, stars: abundances, accretion, accretion disks, diffusion, line: profiles, Astrophysics - Solar and Stellar Astrophysics},
         year = 2011,
        month = jun,
       volume = {530},
          eid = {A114},
        pages = {A114},
          doi = {10.1051/0004-6361/201116816},
archivePrefix = {arXiv},
       eprint = {1105.0268},
 primaryClass = {astro-ph.SR},
       adsurl = {https://ui.adsabs.harvard.edu/abs/2011A&A...530A.114K},
      adsnote = {Provided by the SAO/NASA Astrophysics Data System}
}

@ARTICLE{dufour07,
       author = {{Dufour}, P. and {Bergeron}, P. and {Liebert}, James and {Harris}, H.~C. and {Knapp}, G.~R. and {Anderson}, S.~F. and {Hall}, Patrick B. and {Strauss}, Michael A. and {Collinge}, Matthew J. and {Edwards}, Matt C.},
        title = "{On the Spectral Evolution of Cool, Helium-Atmosphere White Dwarfs: Detailed Spectroscopic and Photometric Analysis of DZ Stars}",
      journal = {\apj},
     keywords = {Stars: Abundances, Stars: Atmospheres, Stars: Evolution, Stars: White Dwarfs, Astrophysics},
         year = 2007,
        month = jul,
       volume = {663},
       number = {2},
        pages = {1291-1308},
          doi = {10.1086/518468},
archivePrefix = {arXiv},
       eprint = {astro-ph/0703758},
 primaryClass = {astro-ph},
       adsurl = {https://ui.adsabs.harvard.edu/abs/2007ApJ...663.1291D},
      adsnote = {Provided by the SAO/NASA Astrophysics Data System}
}

@ARTICLE{hollands17,
       author = {{Hollands}, M.~A. and {Koester}, D. and {Alekseev}, V. and {Herbert}, E.~L. and {G{\"a}nsicke}, B.~T.},
        title = "{Cool DZ white dwarfs - I. Identification and spectral analysis}",
      journal = {\mnras},
     keywords = {planets and satellites: composition, stars: abundances, stars: atmospheres, white dwarfs, Astrophysics - Solar and Stellar Astrophysics},
         year = 2017,
        month = jun,
       volume = {467},
       number = {4},
        pages = {4970-5000},
          doi = {10.1093/mnras/stx250},
archivePrefix = {arXiv},
       eprint = {1701.07827},
 primaryClass = {astro-ph.SR},
       adsurl = {https://ui.adsabs.harvard.edu/abs/2017MNRAS.467.4970H},
      adsnote = {Provided by the SAO/NASA Astrophysics Data System}
}

@ARTICLE{hollands18,
       author = {{Hollands}, M.~A. and {G{\"a}nsicke}, B.~T. and {Koester}, D.},
        title = "{Cool DZ white dwarfs II: compositions and evolution of old remnant planetary systems}",
      journal = {\mnras},
     keywords = {planets and satellites: composition, stars: abundances, stars: atmospheres, white dwarfs, Astrophysics - Solar and Stellar Astrophysics, Astrophysics - Earth and Planetary Astrophysics},
         year = 2018,
        month = jun,
       volume = {477},
       number = {1},
        pages = {93-111},
          doi = {10.1093/mnras/sty592},
archivePrefix = {arXiv},
       eprint = {1801.07714},
 primaryClass = {astro-ph.SR},
       adsurl = {https://ui.adsabs.harvard.edu/abs/2018MNRAS.477...93H},
      adsnote = {Provided by the SAO/NASA Astrophysics Data System}
}

@ARTICLE{sion83,
       author = {{Sion}, E.~M. and {Greenstein}, J.~L. and {Landstreet}, J.~D. and {Liebert}, J. and {Shipman}, H.~L. and {Wegner}, G.~A.},
        title = "{A proposed new white dwarf spectral classification system.}",
      journal = {\apj},
     keywords = {Classifications, Stellar Spectra, White Dwarf Stars, Stellar Color, Stellar Temperature, Visible Spectrum, Astronomy},
         year = 1983,
        month = jun,
       volume = {269},
        pages = {253-257},
          doi = {10.1086/161036},
       adsurl = {https://ui.adsabs.harvard.edu/abs/1983ApJ...269..253S},
      adsnote = {Provided by the SAO/NASA Astrophysics Data System}
}

@ARTICLE{garciazamora25,
       author = {{Garc{\'\i}a-Zamora}, Enrique Miguel and {Torres}, Santiago and {Rebassa-Mansergas}, Alberto and {Ferrer-Burjachs}, Aina},
        title = "{A random forest spectral classification of the Gaia 500 pc white dwarf population}",
      journal = {\aap},
     keywords = {catalogs, stars: atmospheres, white dwarfs, Solar and Stellar Astrophysics, Astrophysics of Galaxies, Instrumentation and Methods for Astrophysics},
         year = 2025,
        month = jun,
       volume = {699},
          eid = {A3},
        pages = {A3},
          doi = {10.1051/0004-6361/202554414},
archivePrefix = {arXiv},
       eprint = {2505.05560},
 primaryClass = {astro-ph.SR},
       adsurl = {https://ui.adsabs.harvard.edu/abs/2025A&A...699A...3G},
      adsnote = {Provided by the SAO/NASA Astrophysics Data System}
}

@ARTICLE{vincent23,
       author = {{Vincent}, Olivier and {Bergeron}, P. and {Dufour}, P.},
        title = "{Data-driven selection and spectral classification of white dwarf stars}",
      journal = {\mnras},
     keywords = {methods: data analysis, catalogues, surveys, white dwarfs, Astrophysics - Solar and Stellar Astrophysics, Astrophysics - Instrumentation and Methods for Astrophysics},
         year = 2023,
        month = may,
       volume = {521},
       number = {1},
        pages = {760-771},
          doi = {10.1093/mnras/stad580},
archivePrefix = {arXiv},
       eprint = {2301.05209},
 primaryClass = {astro-ph.SR},
       adsurl = {https://ui.adsabs.harvard.edu/abs/2023MNRAS.521..760V},
      adsnote = {Provided by the SAO/NASA Astrophysics Data System}
}

